2774 4724
587 319 777 378 -5..

115 484 230 549 ardere
271 486 434 549 concludit
465 487 602 550 Paulus.
659 485 766 560 Quid?
799 488 984 552 Leandrum
1019 509 1126 552 nonne
1160 495 1248 552 trans

114 611 203 653 mare
227 592 411 654 natavisse?

247 693 300 760 ool
324 693 369 772 dd,
393 691 498 782 φίλος,
522 692 667 779 παρέασι
690 693 747 760 καὶ
771 688 905 775 ὁλκάδες
921 717 928 730 ·
946 688 1028 761 ἀλλὰ
1050 693 1207 780 θαμίζεις

347 798 471 881 μᾶλλον
491 791 664 886 Ἀθηναίῃ,
687 794 819 884 Κύπριν
842 792 1071 883 ἀπωσάμενος.

203 902 359 975 Quamvis
383 902 489 965 minus
514 901 665 982 dilucida,
692 908 802 967 tamen
826 903 928 967 altera
943 904 1123 968 necessitas
1148 924 1247 988 quae-

116 1007 190 1069 dam
220 1008 381 1070 interesse
408 1005 535 1068 videtur
561 1007 647 1069 inter
672 1005 795 1091 Agath.
816 1006 847 1069 V
864 1008 926 1070 299
951 1013 984 1072 et
1012 1007 1105 1072 Paul.
1129 1007 1160 1070 V
1176 1009 1247 1070 300.

117 1112 261 1183 Quorum
290 1109 453 1195 inpriore
478 1109 715 1194 epigrammate
740 1110 913 1175 confitetur
934 1110 1094 1196 Agathias
1117 1110 1248 1174 laudato

115 1213 285 1298 proverbio
308 1210 408 1298 μηδὲν
431 1204 512 1298 λλμαν
536 1234 571 1276 se
595 1219 693 1277 antea
716 1215 889 1299 superbius
913 1235 947 1278 se
971 1215 1113 1299 gessisse
1138 1220 1250 1277 contra

115 1317 269 1403 puellam,
286 1323 362 1379 tunc
380 1323 500 1397 autem,
525 1336 597 1379 cum
613 1316 671 1380 illa
686 1315 802 1381 eadem
827 1318 869 1380 sit
886 1319 1050 1404 superbia,
1067 1317 1250 1403 supplicem

120 1428 272 1500 eam,ut
303 1421 465 1504 ignoscat
497 1440 531 1483 se
561 1440 655 1483 orare
688 1425 786 1504 atque
814 1421 999 1484 obsecrare.
1048 1420 1176 1485 Eadem
1206 1420 1246 1483 de

116 1529 203 1586 amat
206 1544 261 1587 ore
286 1522 424 1606 quodam
447 1522 569 1586 Paulus
596 1521 640 1605 (V
657 1524 733 1603 300)
756 1528 877 1603 narrat,
901 1523 934 1586 in
957 1524 1021 1588 fine
1046 1545 1087 1586 au
1090 1530 1156 1588 tem
1179 1524 1249 1640 epi-

118 1632 279 1711 grammat
280 1626 307 1688 is
266 1625 412 1688 thaec
437 1646 456 1688 a
478 1625 589 1709 puella
612 1626 681 1709 peti
672 1623 762 1708 t(v
783 1628 800 1687 7
820 1623 896 1710 sq)

248 1723 401 1813 Hdodcrc
423 1724 638 1810 θομολέαινα,
661 1725 716 1792 καὶ
741 1722 772 1792 εἰ
793 1723 888 1809 χόλον
910 1724 1034 1794 ἔνδικον
1057 1721 1163 1810 αἶθος,

333 1829 471 1915 σβέοοον
494 1822 665 1917 ἀμμορίην
688 1849 695 1864 ·
719 1826 811 1917 ἕμμλς
831 1825 900 1910 ι’ὂες
922 1829 1073 1915 Νέμεσιν.

203 1934 342 1998 Accedit
366 1934 406 1998 ad
431 1934 690 2018 cognoscendam
714 1935 889 1998 amicitiam
912 1935 1039 1999 illorum
1060 1937 1249 2022 scriptorum

117 2040 371 2124 Byzantinorum
395 2037 616 2121 Anthologiae
641 2039 841 2122 epigramma
863 2038 929 2101 VII
943 2041 1015 2118 588,
1039 2060 1102 2123 quo
1127 2040 1249 2104 Paulus

116 2150 200 2206 mort
203 2142 469 2221 uoDamochari,
487 2148 647 2225 grammat
650 2143 700 2205 ico
723 2148 756 2204 et
771 2147 900 2226 poetae,
924 2143 1017 2226 quasi
1034 2145 1251 2227 sepulcralem

117 2249 237 2330 inscrip
241 2247 360 2309 itonem
379 2245 570 2329 composuit
548 2245 713 2308 tHunc
729 2244 949 2309 Democharin
966 2246 1146 2311 amicume
1149 2246 1251 2311 tdis-

117 2351 259 2434 oipulum
291 2349 391 2412 fuisse
426 2350 515 2411 Act
459 2347 607 2432 mathiae,
640 2349 695 2433 qui
729 2347 910 2412 causidicus
942 2370 1062 2434 magna
1092 2372 1170 2414 usus
1202 2357 1252 2414 est

116 2454 322 2530 auctoritate,
341 2473 382 2516 ex
399 2453 552 2516 lemmate
570 2457 603 2515 et
619 2451 715 2514 huius
736 2452 887 2515 carminis
905 2446 967 2536 (εἰς
982 2447 1174 2537 Δαμόχαριν
1196 2447 1252 2520 τὸν

118 2549 344 2640 γραμματικὸν
365 2550 422 2620 τὸν
436 2554 542 2642 Κῷον,
566 2553 622 2619 τὸν
645 2549 742 2640 φίλον
764 2551 821 2618 καὶ
844 2549 999 2642 μαθητὴν
1017 2548 1194 2640 Myndios)
1219 2564 1252 2620 et

120 2682 169 2744 ep.
194 2659 261 2722 VII
277 2662 339 2722 206
369 2661 447 2722 satis
478 2660 599 2738 elucet,
630 2679 693 2742 quo
718 2664 854 2721 mortem
877 2658 1020 2744 perdicis
1045 2661 1253 2744 conqueritur

119 2763 347 2842 Democharis,
371 2763 454 2826 sicut
475 2763 546 2847 ipse
566 2761 728 2846 Agathiae
743 2761 810 2824 VII
824 2764 895 2825 204.
914 2765 975 2824 205
998 2757 1059 2847 (εἰς
1077 2758 1136 2850 τὴν
1152 2755 1252 2850 αὐτὴν

119 2864 273 2950 πέρδικα,
304 2860 536 2950 Δαμοχάριδος
558 2864 786 2951 γραμματικοῦ
808 2863 864 2929 καὶ
891 2867 1047 2953 μαθητοῦ
1076 2858 1178 2933 nicei
1207 2889 1251 2931 se.

115 2963 307 3054 Ἀμολίου).
359 2968 482 3041 Quodsi
510 2990 551 3032 cx
578 2969 629 3032 his
659 2989 785 3054 quoque
808 2969 918 3032 verbis
943 2971 1078 3034 sinceris
1102 2972 1134 3033 in
1157 2971 1252 3033 disci-

119 3074 230 3159 pulum
248 3073 411 3157 Agathiae
436 3073 565 3159 scriptis
583 3071 852 3136 consuetudinem
869 3072 1042 3137 admodum
1058 3074 1251 3138 familiarem

120 3177 224 3239 Paulo
253 3177 354 3240 fuisse
385 3198 457 3240 eum
488 3175 632 3260 Agathia
660 3175 871 3256 concludam,
900 3177 988 3241 haud
1017 3199 1145 3242 errasse
1173 3179 1253 3241 mihi

118 3279 241 3344 videor.
276 3280 319 3342 Et
332 3278 562 3363 comprobatur
577 3279 659 3342 haec
676 3278 785 3364 opinio
801 3279 874 3343 loco
891 3279 1032 3364 quodam
1044 3280 1252 3344 historiarum

121 3383 296 3467 Agathiae,
321 3404 415 3468 quem
442 3383 553 3446 statim
574 3383 608 3446 in
633 3389 844 3468 conspectum
868 3382 961 3447 dabo.

207 3487 479 3572 Transgredimur
509 3487 595 3551 enim
623 3507 709 3550 nune
740 3486 781 3550 ad
814 3486 878 3551 duo
901 3488 958 3551 illa
981 3489 1253 3552 testimonialem

120 3614 220 3675 supra
236 3591 379 3672 laudata,
404 3612 539 3676 quorum
556 3592 645 3675 prius
667 3591 714 3653 nil
739 3591 813 3655 novi
834 3591 926 3654 nobis
943 3591 1089 3677 praebet.
1136 3592 1253 3656 Suidas

122 3719 147 3760 s.
172 3716 200 3758 v.
228 3687 393 3778 Ἀγαθίας
421 3695 560 3758 Paulum
591 3699 739 3758 nostrum
773 3693 938 3779 Agathiae
974 3696 1147 3780 aequalem
1179 3718 1253 3762 esse

119 3798 197 3861 dicit
228 3797 317 3860 hisce
341 3796 461 3859 verbis:
493 3790 679 3883 cordapsos
709 3793 746 3859 dd
769 3794 826 3878 (se.
847 3787 1028 3880 Ἀμαθίας)
1056 3791 1179 3883 Παύλῳ
1207 3797 1254 3884 τῷ

120 3895 330 3986 Σιλενιιαρίρι
353 3897 409 3964 καὶ
433 3894 632 3985 Μακεδονίιμ
655 3899 703 3984 τῷ
725 3892 842 3984 ὑπάτῳ
864 3896 922 3963 καὶ
949 3901 1172 3987 Τριβουνιανῷ
1195 3897 1253 3966 ἐπὶ

118 4005 183 4070 τῶν
202 3998 432 4068 ἸοασιινιανοῦΙ
455 3995 585 4087 χρόνων.

205 4108 308 4171 Multo
338 4107 468 4170 maioris
497 4111 607 4170 autem
630 4105 786 4170 momenti
808 4107 901 4169 locus
925 4106 980 4169 ille
1004 4106 1167 4191 Agathiae
1192 4114 1253 4188 est,

119 4235 184 4299 quo
208 4213 365 4276 terminus
383 4212 608 4291 constituatur,
633 4216 708 4274 ante
726 4231 823 4294 quem
838 4209 978 4273 Paulum
993 4216 1155 4274 mortuum
1181 4233 1254 4275 esse

119 4339 200 4402 opus
232 4321 290 4381 est.
337 4315 500 4400 Agathiae
521 4314 607 4378 'enim
629 4321 800 4399 postquam
823 4315 856 4377 in
880 4314 993 4378 histor.
1011 4315 1079 4378 V9
1102 4336 1260 4396 magnam
1328 4357 1332 4363 -

120 4421 294 4484 ecclesiam
329 4425 362 4483 et
394 4425 468 4503 post
502 4417 652 4482 incendia
688 4426 721 4484 et
753 4424 832 4506 post
864 4423 982 4483 terrae
1013 4422 1136 4478 motus
1168 4413 1288 4468 dem
