2774 4724
508 325 741 386 -101-

48 493 168 557 oculos
193 494 403 559 obversatum
427 514 501 558 esse
525 514 630 580 paene
653 494 813 558 existimo.
859 492 949 556 Dicit
972 492 1058 556 enim
1074 493 1195 556 Paulus

50 595 96 660 de
120 593 300 661 Anthemio
323 595 448 660 artifice
471 593 503 680 (I
517 595 606 679 136):

159 701 266 778 κεῖνος
288 691 369 787 ἀνὴρ
391 693 438 764 τὰ
460 698 597 784 πρῶτα
619 693 811 783 θεμείλια
833 693 966 787 πήξασα
990 697 1077 785 νηοῦ.

50 803 107 869 De
131 803 267 868 licentia
289 803 426 868 metrica
448 823 547 888 supra
570 802 638 867 dixi
660 803 706 888 (p.
723 802 794 887 69);
824 802 858 865 in
881 801 1054 887 permultis
1076 801 1195 865 carmi-

51 907 152 972 nibus
177 907 279 992 epicis
304 905 462 992 usurpata
485 911 547 972 est.
592 906 660 972 Sed
675 904 897 972 Callimachus
920 925 960 970 ca
987 925 1060 969 cum
1078 903 1195 969 eodem

52 1010 265 1076 substantivo
289 1009 462 1075 coniuncta
484 1010 586 1075 utitur
609 1009 710 1096 (hym.
733 1010 769 1074 ΙΙ
785 1011 859 1090 58):

160 1108 333 1200 σετραίτης
353 1109 402 1178 τὰ
424 1115 562 1199 πρῶτα
584 1108 778 1198 θεμείλια
803 1115 928 1197 Φοῖβος
950 1106 1093 1199 ὑφαίνει.

53 1217 166 1293 Quid?
210 1215 297 1282 Num
320 1219 403 1282 forte
426 1218 571 1282 oblatum
595 1239 669 1282 esso
692 1217 779 1282 hunc
801 1238 1000 1282 consensum
1022 1222 1194 1301 putemus?

56 1347 61 1353 ·
144 1321 192 1386 Ut
214 1321 314 1386 etiam
337 1320 533 1407 Orphica,
558 1342 641 1408 quae
664 1320 826 1403 dicuntur,
850 1320 989 1386 Paulum
1012 1318 1196 1384 noscitassc

53 1424 190 1511 opiner,
222 1424 325 1489 trihus
356 1424 485 1488 illorum
508 1425 696 1490 carminum
714 1425 793 1490 locis
817 1444 1025 1510 permoveor,
1058 1443 1193 1509 quorum

54 1527 183 1614 primus
198 1532 263 1592 stat
279 1528 312 1591 in
328 1527 458 1613 hymno,
474 1528 530 1613 qui
545 1528 578 1592 in
590 1527 703 1592 Musas
720 1527 861 1613 scriptus
873 1533 924 1592 est
939 1523 1033 1611 (lae
1050 1525 1196 1616 Herm.):

53 1684 57 1693 .
215 1622 359 1717 Εὖνομίη
382 1654 418 1696 τε
440 1626 526 1718 Δίκη
548 1655 584 1697 νε
606 1629 663 1697 καί
686 1625 806 1721 Εἰρήνη
828 1625 1003 1715 σολίολβε.

56 1732 109 1798 cf.
126 1734 163 1799 P.
178 1734 243 1798 15:
267 1729 387 1822 Εἰρήνη
408 1728 582 1819 πολίολβε,
605 1729 816 1823 σιθηνήσειρα
832 1728 976 1820 mollior,
1001 1753 1098 1819 quam
1122 1753 1195 1797 ver-

55 1837 174 1902 borum
197 1837 440 1924 colligationem
464 1860 571 1924 neque
595 1838 682 1924 apud
697 1838 851 1903 Nonnum
871 1858 979 1922 neque
1004 1835 1093 1921 apud
1114 1834 1197 1900 alios

56 1939 137 2025 legi.
160 1978 202 1989 —
226 1941 327 2026 Orph.
350 1940 476 2027 Argon.
500 1945 562 2006 515
587 1940 659 2026 (H.)
693 1941 802 2007 vorbis
832 1935 916 2027 μήνη
944 1938 973 2006 d’
998 1931 1198 2024 ἇσσροχίτων

59 2043 241 2109 similitudo
271 2042 430 2130 quaedam
468 2052 519 2112 cst
546 2045 634 2109 haud
663 2045 784 2130 exigua
812 2066 884 2109 cum
912 2044 949 2110 P.
972 2044 1008 2108 ΙΙ
1033 2044 1092 2108 183
1120 2038 1197 2128 μηνί

57 2141 346 2232 χρασοχίτωνιβ
369 2147 522 2234 Denique
545 2147 609 2213 hae
632 2147 716 2212 duae
734 2168 847 2213 versus
863 2145 1060 2211 clausulae'
1052 2166 1085 2209 m
1109 2165 1196 2209 com-

59 2257 157 2337 parat
158 2251 266 2316 ionem
282 2257 458 2316 vocentur:
486 2251 587 2337 Orph.
607 2249 688 2336 Arg.
707 2252 781 2316 187:
804 2243 997 2337 ἆλισσεφέος
1012 2249 1198 2332 Σαλαμῖνος

62 2361 96 2420 et
118 2354 155 2421 P
177 2354 307 2419 111902
331 2345 524 2440 ἆλισσεφέος
546 2347 768 2476 Προασνησοο.

147 2458 188 2521 In
215 2456 477 2574 Triphiodori
491 2456 517 2539 ¹)
548 2457 691 2522 carmine
718 2449 833 2540 (Ἰλίου
862 2451 999 2534 ἅλωσις)
1034 2455 1097 2522 duo
1133 2454 1198 2519 loci

59 2563 226 2647 leguntur,
244 2565 373 2646 quoset
375 2559 439 2624 iam
451 2561 484 2623 in
495 2559 594 2626 Pauli
605 2559 826 2648 descriptione
842 2560 1034 2645 reperimus.
1072 2559 1127 2626 Tr.
1140 2562 1174 2622 41
1190 2581 1196 2621 :

61 2664 210 2738 nondum
225 2669 320 2749 capta
336 2669 408 2728 orat
422 2663 529 2745 Troia,
546 2656 745 2731 ἆκλινίεσσιν
764 2660 991 2747 ἕπεμβεβαοῖα
1005 2659 1197 2747 θεμέθλοις.

59 2769 98 2834 Ρ.
122 2769 197 2832 152
220 2767 262 2832 de
284 2766 374 2831 tholo
398 2767 464 2830 iam
486 2768 633 2852 perfecto
657 2767 749 2834 dicit:

196 2863 258 2958 ἤδη
280 2867 340 2954 μὲν
363 2874 576 2956 οθεναρσῖσιν
596 2867 823 2955 &cappadocia
844 2864 1067 2955 aspellam).

63 2975 246 3041 Praeterea
268 2971 323 3037 Tr.
341 2994 371 3038 v.
389 2975 470 3038 648:

196 3069 413 3154 Hattddcg'
395 3069 566 3162 αχρᾶντοιο
589 3074 673 3162 θεῆς
693 3067 762 3141 voh
784 3074 882 3160 γοῦνα
905 3073 1080 3139 πεσοῦσαν.

60 3185 269 3267 comparetur
293 3201 366 3244 cum
388 3180 426 3247 P.
444 3179 575 3243 11277:

239 3281 283 3347 ὡν
305 3279 406 3366 μέσον
428 3275 599 3367 ἀχράνσοιο
621 3281 707 3348 θεοῦ
729 3275 862 3366 δείκηλα
883 3273 1037 3364 χαράξας.

152 3387 192 3452 In
210 3386 390 3452 Oolluthi
407 3392 500 3472 „rapt
502 3407 523 3449 u
487 3385 709 3450 t“Helenae
721 3377 869 3472 (ἁρπαγη
880 3406 939 3470 οης
949 3377 1100 3470 Ἑλένης),
1116 3385 1200 3469 quod

62 3513 197 3559 carmen
234 3490 411 3557 Anastasio
446 3491 643 3576 imperatore
675 3489 796 3554 saeculi
819 3487 878 3551 VI.
908 3487 999 3552 initio
1035 3487 1201 3555 conditum

63 3603 126 3679 est,
149 3618 179 3662 v.
196 3597 257 3660 172
281 3593 413 3678 laben:

241 3691 351 3778 εἴξατέ
371 3719 430 3780 μοι
450 3691 612 3779 πολέμοιο
635 3688 805 3783 occiduos,
829 3687 937 3772 είξασε
958 3689 1049 3781 νίκης

62 3804 183 3873 cadom
195 3802 302 3886 figura
315 3798 478 3864 rhetorica
492 3802 678 3883 usurpatur,
693 3817 790 3882 quam
802 3794 927 3861 Paulus
938 3795 1072 3861 adhibet
1085 3796 1117 3882 (I
1133 3796 1199 3883 18):

228 3898 338 3984 ε’ίξατέ
358 3925 417 3988 μοι
435 3893 561 3987 Ῥώμης
581 3894 826 3981 Καπετωλίδος,
850 3893 960 3980 ε’ίξατε
981 3901 1100 3987 φῆμαι.

63 4011 272 4026 ,-,,,..-.-

157 4097 178 4164 ι)
200 4091 416 4162 Triphiodorum
435 4105 506 4144 saec.
525 4090 564 4159 (p.
584 4088 647 4144 Chr.
666 4089 704 4157 n.)
723 4087 756 4143 V.
775 4085 878 4140 vixisse
896 4085 1047 4141 verisimile
1066 4086 1116 4141 est.

154 4184 176 4250 ²)
196 4175 444 4236 Commemoranda
463 4178 506 4230 est
523 4174 681 4231 Wemickii
703 4171 850 4228 adnotatio
872 4172 909 4226 ad
926 4171 1022 4242 Triph.
1042 4188 1151 4227 versum
1168 4171 1202 4226 41

65 4269 173 4339 scripta
188 4267 227 4335 (p.
237 4264 294 4332 94);
313 4261 477 4330 „Homerica
496 4264 606 4318 tantum
625 4254 711 4316 uerba
724 4256 863 4330 θέμεθλον
881 4260 910 4312 et
927 4256 1068 4328 θεμείλιον
1085 4262 1203 4328 usurpat

65 4357 194 4416 Neurus,
203 4368 260 4406 non
275 4368 340 4406 vero
349 4350 487 4420 θέμεολον,
497 4349 572 4418 quod
581 4347 768 4405 recentiorum
779 4347 926 4415 poetarum
944 4343 974 4399 in
992 4343 1090 4414 primis
1106 4362 1208 4400 eorum

65 4444 117 4508 est,
137 4440 187 4513 qui
205 4437 334 4508 Byzantii
352 4437 439 4492 vitam
458 4437 592 4507 degentes
611 4435 740 4492 carmina
757 4432 1010 4504 composuerunt&
