2774 4724
649 328 860 388 ,76-

500 550 528 609 7.
566 547 622 610 De
647 549 760 611 exitu
782 548 1019 612 hexametri.

278 667 411 747 Restat,
441 674 477 730 ut
505 669 661 732 nonnulla
684 668 783 732 verba
807 669 924 732 faciam
954 667 994 732 de
1018 669 1147 752 legibus
1177 690 1196 730 a
1225 667 1330 732 Paulo

193 772 225 833 in
249 780 391 835 excunte
419 793 518 836 vorsu
549 771 741 835 observatis.
787 771 873 835 Nam
896 771 972 835 huie
995 792 1123 856 quoque
1146 772 1331 835 hexametri

193 875 262 938 sedi
284 875 434 939 Nonnum
459 881 566 938 certas
591 875 800 939 condiciones
824 875 1018 960 imposuisse
1042 897 1107 938 non
1130 875 1330 955 mirabimur,

193 999 265 1042 eum
296 979 359 1041 iam
388 979 519 1063 saepius
549 1000 666 1041 novam
698 979 907 1043 severitatem
936 978 1032 1042 huius
1060 985 1179 1063 poetae
1204 999 1328 1062 cogno-

192 1081 377 1161 verimus¹).
423 1081 555 1146 Revera
578 1086 687 1146 autem
711 1082 770 1146 has
799 1082 967 1146 exstitisse
992 1091 1026 1146 et
1057 1083 1160 1146 multo
1189 1082 1330 1146 artiores

194 1208 289 1270 quam
314 1187 400 1271 apud
425 1187 629 1270 antiquorum
653 1191 835 1271 temporum
861 1187 1215 1271 poetasunusquisque
1233 1186 1330 1250 intel-

192 1291 282 1374 leget
321 1290 515 1374 oomparatis
551 1289 679 1353 circiter
725 1295 943 1353 trecentorum
983 1310 1135 1354 versuum
1174 1288 1330 1353 clausulis

195 1393 332 1456 Homeri
350 1413 422 1455 cum
440 1392 553 1455 cadem
571 1391 777 1455 multitudine
794 1413 946 1456 versuum
962 1392 1080 1456 Nonni.
1122 1390 1234 1476 Atque
1258 1393 1330 1456 dili-

193 1497 394 1581 gentissime,
419 1503 454 1558 ut
478 1497 593 1574 solent,
618 1495 876 1560 observaverunt
899 1495 983 1560 hunc
1006 1517 1100 1560 usum
1120 1495 1331 1560 Ludwichius

193 1606 226 1662 et
248 1599 448 1684 Meyerus2).

280 1719 425 1782 Primum
442 1719 527 1784 enim
544 1719 867 1784 animadvertendum
890 1725 940 1784 est
955 1719 1106 1783 Nonnum
1128 1720 1331 1785 trochaicum

196 1843 308 1886 versus
333 1824 472 1902 exitum,
496 1830 650 1908 quantum
675 1824 790 1909 potuit,
813 1824 948 1902 vitasse,
971 1824 1148 1909 praecipue
1172 1846 1252 1888 vero
1275 1847 1331 1888 vo-

196 1928 313 1992 cabula
336 1929 511 1993 trochaica.
555 1927 671 2012 Neque
695 1928 795 2012 igitur
817 1928 944 2007 mirum,
973 1927 1058 2012 quod
1081 1927 1168 2012 apud
1192 1928 1332 1992 Paulum

194 2053 322 2117 quoquc
350 2039 416 2095 tam
446 2054 518 2096 raro
551 2032 722 2096 trochaeus
757 2032 790 2094 in
819 2052 935 2095 versus
959 2031 1049 2095 exitu
1073 2031 1241 2096 adhibitus
1265 2038 1332 2106 est;

195 2158 269 2200 nam
294 2158 366 2200 curn
389 2136 421 2199 in
437 2137 526 2200 mille
550 2137 618 2199 fere
634 2135 782 2199 versibus
800 2134 997 2220 spondaicae
1015 2136 1185 2201 clausulae
1202 2136 1332 2201 obviarn

195 2238 290 2317 fiant,
313 2240 345 2302 in
378 2242 419 2302 60
431 2238 458 2320 ³)
493 2238 667 2302 trochaeus
691 2237 917 2301 hexametrum
953 2237 1076 2301 claudit
1108 2241 1260 2324 exceptis
1285 2241 1332 2304 eis

123 2328 127 2337 ’
195 2343 366 2419 clausulis,
396 2363 479 2427 quae
510 2340 744 2426 monosyllabis
773 2339 967 2405 efficiuntur.
1018 2341 1057 2404 In
1080 2341 1132 2405 his
1156 2347 1268 2406 autem
1293 2346 1332 2406 60

197 2446 344 2510 versibus
374 2446 471 2531 paulo
502 2446 632 2531 saepius
656 2444 834 2524 vocabula,
868 2466 952 2530 quae
980 2445 1134 2509 trochaeo
1158 2446 1332 2530 exeunt4),

196 2572 292 2634 quarn
316 2550 388 2635 ipsa
412 2549 512 2613 rerba
525 2549 692 2614 trochaica
708 2549 860 2633 legimus.
904 2548 1012 2634 Atque
1028 2546 1144 2613 eadem
1168 2550 1210 2614 de
1235 2571 1331 2635 spon-

196 2654 297 2717 daicis
321 2653 475 2717 clausulis
499 2652 785 2717 commemoranda
807 2657 892 2717 sunt.

284 2775 350 2839 Sed
366 2776 431 2839 iam
454 2774 591 2860 deipsis
609 2773 716 2838 verbis
733 2772 896 2858 agendum
921 2778 982 2854 est,
1000 2792 1083 2857 quae
1098 2772 1331 2839 hexametrum

197 2879 362 2945 claudunt.
407 2879 457 2943 Ae
486 2879 625 2964 primurn
654 2876 785 2962 quidem
812 2878 919 2962 legem
948 2899 968 2940 a
990 2875 1183 2940 Ludwichio
1208 2879 1331 2942 consti-

197 2988 299 3045 tutam
316 2982 497 3061 laudamus,
521 3002 586 3065 qua
602 2979 838 3047 demonstrarit
853 2977 970 3062 (Bao.
995 3002 1025 3064 p.
1044 2982 1079 3041 71
1101 2979 1187 3066 sqq.)
1212 2982 1332 3045 vitatas

198 3107 271 3149 esse
302 3085 443 3170 syllabas
475 3084 589 3148 finales
620 3108 687 3163 ·ις,
717 3108 779 3164 -ιν,
812 3108 879 3163 -υς,
908 3108 984 3162 -υν,
1015 3104 1150 3168 quarum
1180 3105 1336 3148 mensura

198 3189 299 3252 dubia
321 3194 417 3253 esset.
464 3188 555 3262 Quae
579 3209 652 3251 eum
676 3187 762 3272 apud
776 3187 930 3250 Nonnum
955 3207 1087 3272 perraro
1111 3187 1145 3250 in
1162 3187 1335 3272 disyllabis

197 3292 423 3371 admittantur,
458 3314 478 3354 a
506 3291 610 3356 Paulo
641 3290 724 3354 duae
754 3288 951 3354 adhibentur
980 3290 1051 3353 sine
1083 3287 1183 3353 dubio
1219 3295 1336 3355 natura

196 3395 331 3479 longae:
361 3396 473 3459 11253
497 3386 591 3471 ἀκτίς
618 3402 651 3458 et
680 3394 714 3457 ΙΙ
730 3396 792 3458 308
816 3385 911 3478 epig.
935 3430 977 3439 —
1008 3391 1061 3456 Ex
1085 3392 1334 3478 epigrammatis

198 3499 258 3562 hos
275 3500 365 3562 locos
381 3498 529 3563 enotavi:
553 3498 585 3561 X
600 3501 647 3578 15,
663 3501 682 3561 2
698 3490 802 3582 χάρις.
846 3495 895 3559 VI
909 3500 960 3576 54,
974 3500 993 3559 4
1008 3493 1109 3575 χέλυς.
1133 3498 1219 3576 84,4
1236 3495 1335 3583 γένυς.

198 3603 248 3682 rx
266 3605 338 3683 ror,
358 3605 371 3663 1
398 3595 505 3683 ἰχθύν.
550 3601 581 3664 r
597 3604 706 3680 rrae
730 3607 763 3664 er
786 3599 902 3679 vrrs,
922 3603 935 3660 1
961 3593 1104 3666 aovin·

287 3847 306 3910 1)
319 3843 435 3896 'Primus
458 3842 493 3895 de
518 3842 570 3895 hac
592 3859 621 3896 re
645 3840 776 3894 disseruit
801 3839 928 3894 Struvius
952 3840 980 3892 in
1005 3838 1203 3895 dissertatione
1229 3859 1339 3913 semper

198 3931 340 3984 laudanda
359 3931 426 3996 („l)e
448 3928 525 3982 exitu
544 3946 672 3982 versuum
699 3928 728 3980 in
747 3927 841 3982 Nonni
860 3925 1047 3981 carminibus‘·
1066 3927 1229 3997 Regimont.
1251 3930 1337 3995 1834).

287 4019 308 4083 ²)
328 4017 367 4071 Cf.
378 4016 520 4071 Ludwich.
531 4016 613 4070 Bettr.
626 4035 653 4085 p.
663 4015 697 4069 60
709 4016 773 4069 adn.
785 4017 813 4068 et
823 4033 849 4084 p.
864 4015 893 4067 71
903 4032 961 4083 sqq.
990 4014 1092 4080 Meyer.
1103 4013 1121 4068 l.
1132 4014 1150 4068 l.
1163 4033 1190 4085 p.
1203 4017 1337 4084 1010sqq.

199 4104 365 4157 Volkmann.
387 4104 404 4156 l.
424 4103 441 4155 l.
459 4121 485 4172 p.
496 4103 529 4155 Ξῖ
540 4120 599 4170 sqq.
618 4105 669 4156 etc.

287 4192 307 4257 ³)
326 4191 426 4258 Neque
444 4207 509 4243 vero
528 4189 619 4258 recepi
638 4189 668 4242 in
686 4189 760 4242 hunc
777 4205 923 4242 numerum
937 4187 1083 4251 clausulas,
1103 4204 1176 4256 quae
1196 4206 1226 4240 αι
1244 4192 1296 4244 aut
1312 4206 1338 4241 οι

199 4276 382 4346 diphthongis
401 4276 566 4331 efficiuntur.

287 4365 309 4432 ⁴)
327 4363 409 4432 Apud
433 4363 565 4417 Nonnum
590 4365 662 4416 teste
689 4363 801 4430 Meyero
827 4363 864 4430 (p.
884 4359 961 4426 1011)
990 4357 1076 4412 verba
1100 4359 1234 4415 trochaeo
1258 4361 1338 4416 linita

185 4449 304 4504 omnino
321 4467 380 4506 non
399 4450 543 4506 inusitata
561 4453 637 4507 sunt.
