2774 4724
571 298 784 360 ..20-

118 469 233 547 nitore,
248 467 287 531 de
298 467 488 552 porticibus,
505 469 545 531 de
558 468 697 552 gemmis
711 487 855 550 auroque
868 485 887 527 a
898 463 1081 529 Iustiniano
1094 461 1247 526 ecclesiae

118 571 244 635 donatis
272 572 420 657 legentes
450 573 580 652 edocet,
616 592 689 634 cum
726 592 790 633 non
829 568 958 633 desinat
991 588 1117 652 negare
1153 565 1247 629 ullam

119 675 371 760 descriptionem
388 677 531 761 ipsarum
549 696 657 740 rerum
668 675 874 738 maiestatem
888 672 1119 737 adsecuturam
1133 690 1205 734 esse
1215 666 1248 751 ¹).

118 779 207 842 'l'alis
232 778 446 842 exaedificata
470 786 521 842 cst
538 801 557 842 a
572 777 752 841 Iustiniano
776 777 876 841 aedes
898 776 964 854 illa,
987 768 1093 862 ἥνπερ
1116 766 1248 858 μεγάλην

117 882 228 947 καλεῖν
249 877 464 964 νενομίκασιν,
488 902 553 944 non
578 882 680 944 solum
703 875 849 967 χρήμασι
873 879 1050 943 sedetiam
1072 871 1248 960 πονοομίνγ

118 987 159 1072 τῇ
185 981 316 1072 διανοίᾳ
343 982 400 1049 καί
429 986 469 1072 τῇ
498 978 577 1072 ὂίλλγγ
605 985 663 1071 τῆς
692 984 801 1071 ψυχῆς
829 976 935 1070 ἀρετῇ.
991 981 1085 1055 Quae
1117 982 1249 1045 virtutes

119 1096 260 1173 quantae
290 1097 418 1170 essent,
449 1091 548 1154 ctiam
578 1097 646 1153 tum
676 1089 880 1152 intellectum
910 1092 979 1163 est,
1013 1107 1088 1150 cum
1112 1084 1251 1150 ecclesia

119 1194 194 1279 pilis
226 1193 431 1258 labefactatis
461 1193 605 1256 maxima
633 1192 666 1255 iu
697 1192 843 1276 pericula
871 1191 1016 1255 incurrit.
1061 1189 1139 1253 Hoc
1161 1187 1251 1253 modo

119 1297 297 1382 Procopius
321 1296 530 1383 progreditur
552 1296 592 1359 ad
617 1295 800 1359 enarranda
821 1296 878 1359 illa
900 1294 1055 1380 pericula.

206 1402 237 1465 N
239 1402 357 1465 ondum
367 1401 513 1486 perfecto
526 1421 612 1481 arcu,
626 1401 681 1485 qui
693 1399 734 1464 ad
747 1400 905 1464 orientem
919 1399 1091 1485 spectavit,
1107 1398 1252 1484 pilarum,

122 1507 239 1591 quibus
270 1504 458 1568 nitebantur
486 1509 639 1588 quattuor
669 1524 780 1584 arcus,
811 1503 895 1568 duae
924 1503 1147 1568 labefactatae
1171 1505 1251 1579 sunt,

122 1610 199 1693 quia
215 1630 369 1693 magnum
387 1629 469 1671 onus
484 1606 571 1670 ferre
585 1607 764 1690 nequibant
772 1606 810 1690 2).
856 1605 927 1678 Quo
943 1606 1030 1671 facto
1054 1627 1129 1669 cum
1153 1603 1255 1668 omnia

122 1715 231 1777 statim
248 1714 430 1777 Iustiniauo
446 1712 596 1775 nuntiata
612 1717 733 1792 essent,
757 1712 864 1775 anxiis
881 1711 1059 1775 Anthemio
1084 1716 1118 1774 ct
1133 1709 1255 1773 Isidoro

122 1818 205 1882 dixit
224 1815 436 1902 imperator³)
460 1815 694 1880 conficiendam
714 1837 789 1880 esse
806 1821 1014 1880 curvaturam
1030 1836 1143 1890 arcus;
1168 1813 1256 1877 illum

123 1922 209 1985 enim
245 1943 280 1985 se
315 1921 386 2006 ipso
421 1920 537 1984 fultum
572 1919 654 2004 pilas
687 1940 752 1983 non
786 1920 852 1983 iam
881 1918 1144 1983 desideraturum
1177 1937 1256 1981 esse.

124 2025 214 2099 Quas
238 2045 304 2088 non
328 2045 402 2090 esse
425 2045 526 2087 vanas
549 2023 725 2087 blanditias
754 2023 951 2087 testimoniis
976 2043 1099 2102 eorum,
1124 2021 1180 2106 qui
1203 2020 1257 2085 ad·

123 2129 258 2209 fuerint,
282 2129 485 2215 comprobari
508 2128 690 2214 Procopius
722 2129 902 2193 confirmat.
956 2127 1116 2193 Confecto
1150 2134 1258 2192 autem

124 2253 219 2313 arcu,
252 2253 348 2316 quam
379 2237 503 2318 rectum
533 2232 648 2295 fuisset
671 2232 876 2317 imperatoris
901 2232 1089 2312 consilium,
1120 2232 1258 2295 artifices

124 2336 252 2421 experti
275 2341 359 2400 sunt.
404 2335 529 2400 Verum
545 2335 644 2420 paulo
660 2341 735 2420 post
752 2335 867 2400 eadem
884 2335 952 2399 fere
970 2334 1172 2417 acciderunt,
1189 2354 1258 2398 curn

125 2440 265 2504 arcubus
293 2439 498 2502 meridionali
522 2445 620 2523 atque
646 2438 913 2525 septentrionali,
938 2437 1093 2523 quidquid
1117 2444 1190 2503 erat
1212 2438 1259 2501 in·

124 2543 224 2608 ferius
253 2535 309 2625 (τὰ
340 2537 452 2627 ἔνερθε
483 2535 622 2627 πάντα),
659 2542 741 2606 adeo
777 2547 985 2623 oneraretur,
1018 2547 1056 2606 ut
1093 2542 1261 2606 columnae

126 2652 331 2712 caemcntum
349 2645 560 2711 dimitterent.
594 2644 720 2709 Iterum
736 2646 889 2728 artifices,
903 2645 1063 2731 quomodo
1079 2646 1261 2732 periculum

127 2756 340 2829 averteretur,
356 2748 462 2834 ignari
487 2749 527 2812 ad
544 2749 775 2834 imperatorem
790 2749 865 2813 ilico
890 2771 925 2813 se
942 2750 1151 2814 contulerunt
1165 2755 1263 2834 atque

127 2855 245 2919 iterum
268 2853 469 2917 Iustinianus
498 2873 555 2916 cos
587 2853 706 2916 eximio
737 2853 874 2917 consilio
907 2852 1040 2918 adiuvit.
1087 2852 1266 2940 Imperavit

128 2959 225 3039 enim,
248 2963 285 3020 ut
307 2957 471 3037 locorum,
497 2956 551 3041 qui
573 2957 797 3038 laborassent,
821 2963 933 3042 partes
958 2957 1157 3042 superiores,
1182 2978 1265 3043 quae

127 3061 215 3147 ipsos
245 3060 446 3145 attingerent
475 3080 585 3141 arcus,
619 3061 729 3124 statim
761 3081 778 3124 e
809 3059 917 3124 medio
942 3061 1136 3126 tollerentur
1160 3082 1266 3146 neque

127 3164 218 3249 prius
232 3163 490 3244 restituerentur,
503 3184 600 3248 quarn
612 3164 719 3227 omnia
732 3168 844 3227 essent
855 3163 1026 3228 exsiccata.
1060 3162 1132 3236 Quo
1144 3164 1267 3229 auxilio

128 3274 301 3353 postquam
325 3267 358 3330 hi
383 3287 511 3352 quoque
528 3287 623 3330 arcus
642 3267 826 3331 conservati
849 3272 934 3347 sunt,
959 3273 1064 3331 totum
1080 3267 1268 3334 aedificium

129 3370 256 3434 firmum
280 3392 315 3435 se
339 3370 511 3456 praestitit.

215 3474 310 3540 Haec
339 3474 470 3559 quidem
499 3476 663 3539 enarravit
684 3475 877 3560 Procopius.
924 3473 1025 3538 Cuius
1055 3475 1088 3538 in
1119 3475 1269 3564 descrip-

130 3578 228 3643 tionis
256 3579 321 3643 fine
353 3579 437 3663 quod
467 3580 605 3665 scriptor
627 3579 828 3665 Byzantinus
859 3578 899 3641 de
927 3579 1080 3663 periculis
1109 3579 1211 3662 dixit,
1239 3584 1271 3646 in

131 3704 215 3770 quae
232 3684 374 3749 ecclesia
395 3685 446 3748 bis
462 3689 579 3748 vocata
603 3689 700 3760 essct,
725 3705 800 3748 eum
824 3683 864 3748 de
881 3683 1048 3747 orientalis
1068 3683 1151 3749 tholi
1168 3689 1273 3773 partis

130 3789 233 3868 ruina,
258 3809 355 3873 quam
378 3807 398 3851 a
413 3786 517 3851 Paulo
539 3794 703 3852 narratam
719 3787 861 3872 legimus
878 3785 909 3867 (I
924 3788 966 3849 52
983 3787 1079 3873 sqq.),
1104 3791 1273 3873 cogitasse

220 3979 240 4046 ¹)
260 3977 301 4032 cf.
320 3977 434 4046 Procop.
453 3977 471 4030 l.
485 3977 503 4031 l.
518 3977 577 4043 ru,
590 3977 631 4031 19.
652 3976 710 4042 178,
724 3977 760 4031 20
772 3994 831 4046 sqq.

220 4067 241 4133 ²)
261 4064 301 4119 cf.
320 4064 435 4133 Procop.
452 4081 480 4133 p.
497 4063 555 4127 180,
567 4063 585 4114 2
599 4079 665 4131 sqq:
679 4063 706 4115 ολ
724 4062 754 4115 δὲ
772 4062 869 4116 πεσσοί
880 4093 912 4101 —-
926 4064 981 4115 τῶν
993 4061 1162 4131 ἐγκειμένων
1174 4065 1276 4136 σφίσιν

132 4148 181 4205 οὐκ
204 4151 360 4222 ἐνεγκόντες
382 4154 414 4206 τό
436 4154 556 4223 μέγεθος
579 4147 709 4222 ἁμηγέπη
732 4151 894 4212 ἐξαπιναίως
918 4148 1159 4224 ιίνιοῤῥηγνύμενοι
1178 4147 1231 4204 orire
1249 4152 1276 4211 ἒς

131 4237 242 4311 μακράν
260 4238 504 4308 διαλυθησομένοις
521 4237 650 4310 ἐῴκεσαν.

220 4328 240 4394 ⁸)
258 4322 312 4396 ὅτῳ
334 4325 388 4395 μέν
409 4344 476 4380 ποτε
495 4321 616 4396 ἠγμένος
638 4321 688 4379 otia
706 4312 780 4391 οἶδα,
805 4327 863 4397 θεῷ
881 4325 912 4378 δὲ
931 4312 1008 4395 οἶμαι
1028 4355 1061 4364 -
1083 4323 1117 4376 ον’
1133 4322 1192 4392 γάρ
1217 4324 1276 4378 ἐστι

112 4410 294 4478 stolarbaeo‘c·
312 4442 348 4452 -
367 4428 402 4468 en
420 4412 552 4470 adulatio
570 4429 636 4469 vere
654 4411 823 4483 Byzantina.
