2774 4724
617 366 659 377 ..
703 291 830 392 64¹..

153 518 189 555 an
217 517 273 555 non
296 501 461 570 permissum
484 501 535 568 sit,
563 498 691 567 equidem
715 497 825 561 dubit03
850 513 940 564 neque
963 497 1095 566 probavit
1112 496 1295 565 Hilbergium

155 587 351 641 Scheindlerus
365 587 454 654 (Stud.
464 587 547 641 Vind.
564 587 638 640 1881.
651 604 678 654 p.
686 584 738 653 74).
759 584 853 638 Etiam
864 584 1058 638 christodorus
1068 584 1142 638 hanc
1155 584 1296 651 syllabam

155 674 266 728 finalem
285 674 419 743 produxit
436 674 466 727 in
485 673 540 728 arsi
558 672 607 726 ΙΙΙ.

243 816 269 859 c.
286 795 481 880 Trisyllaba,
496 815 579 878 quae
594 813 672 856 una
688 792 925 856 consonanti
943 791 1150 873 clauduntur,
1163 793 1297 876 longam

156 898 315 963 exhibent
337 898 469 964 finalem
492 897 670 982 syllabam:
709 952 713 962 .

362 1004 395 1067 in
419 1002 483 1067 aar
550 1000 584 1064 n
628 1000 680 1063 111
727 997 799 1086 [iv]
850 999 877 1063 v
925 997 998 1086 [vr]

544 1104 598 1189 1¹)
633 1103 687 1188 1²)
744 1141 781 1150 -
832 1104 885 1188 1³)
932 1140 973 1149 —

246 1210 265 1276 ¹)
285 1209 360 1262 Haec
382 1207 529 1277 productio
551 1206 662 1275 saepius
689 1205 809 1260 occurrit
835 1205 911 1274 apud
934 1206 1081 1269 Nonnum‚
1105 1204 1194 1258 etiam
1222 1206 1297 1274 apud

158 1294 368 1349 Christodorum
387 1295 417 1347 in
436 1294 543 1348 duobus
563 1293 688 1348 versibus
706 1293 775 1360 (225.
796 1293 867 1359 236).

245 1385 265 1449 ²)
284 1381 388 1436 Contra
410 1398 524 1451 perrara
548 1397 580 1435 ea
604 1381 697 1434 estin
720 1380 775 1433 arsi
793 1380 855 1444 IIl.;
881 1380 934 1434 hoc
957 1395 1022 1434 vero
1045 1379 1128 1433 Pauli
1146 1379 1209 1433 loeo
1230 1381 1297 1446 (161

160 1467 298 1536 Τελχῖνας)
317 1468 429 1522 nomine
448 1467 561 1538 proprio
581 1466 705 1521 excusari
723 1465 793 1519 mihi
811 1465 931 1520 videtur.

248 1556 269 1622 ³)
289 1554 456 1609 Huiusmodi
473 1553 713 1626 productionis-in
726 1552 781 1606 arsi
795 1552 827 1605 V.
841 1552 979 1605 admissae
991 1551 1047 1605 tria
1059 1552 1190 1620 exempla
1204 1551 1298 1606 Nonni

159 1640 323 1709 Hilbergius
341 1642 379 1710 (p.
393 1642 441 1695 127
454 1643 505 1710 sq.)
524 1641 666 1694 nobiscum
686 1638 911 1694 communicavit.

246 1728 349 1791 Multo
368 1729 499 1814 saepius
515 1728 637 1791 Paulus
653 1728 770 1791 Nonne
794 1726 876 1790 duce
901 1746 940 1790 ea
960 1725 1133 1810 trisyllaba
1150 1727 1297 1805 adhibet,

160 1852 297 1916 quorum
319 1831 434 1895 ultima

247 1953 276 2016 d.
301 1958 444 2017 natura
475 1953 601 2036 longa
631 1957 691 2016 est.
741 1950 869 2014 Horum
896 1949 1042 2035 syllabae
1070 1950 1187 2015 finales
1213 1956 1301 2015 stant

411 2057 444 2119 in
468 2055 533 2119 arsi
599 2055 634 2116 ΙΙ
677 2051 729 2117 Ill
776 2051 848 2139 [IV]
896 2052 927 2116 V
972 2050 1044 2140 [VI]

598 2160 638 2221 32
683 2161 723 2220 25
786 2194 820 2204 —
902 2161 922 2218 4

163 2259 299 2337 Rarius,
328 2265 366 2324 ut
394 2282 437 2324 ex
463 2261 606 2325 numeris
630 2261 872 2345 cognoscimus,
896 2259 1019 2323 Paulus
1043 2258 1128 2324 tales
1153 2261 1300 2346 syllabas

161 2363 277 2428 finales
306 2364 340 2427 in
366 2365 431 2428 arsi
454 2364 495 2429 V.
530 2386 625 2449 quam
656 2364 689 2426 in
717 2365 780 2427 arsi
802 2363 846 2427 II.
872 2369 929 2427 aut
950 2362 1013 2426 Ill.
1037 2364 1166 2450 posuit,
1189 2365 1300 2429 Nonni

163 2470 349 2554 exemplum
368 2475 510 2534 secutus.
547 2468 621 2542 Qua
644 2491 679 2533 re
695 2469 859 2533 Nonniani
875 2467 1102 2554 prohibebant,
1125 2491 1167 2533 ne
1184 2492 1301 2535 versus

163 2571 204 2634 ad
233 2572 330 2635 finem
361 2593 539 2657 properans
568 2573 667 2635 nimio
691 2571 926 2647 retardaretur,
951 2571 984 2634 id
1007 2572 1093 2656 quod
1116 2575 1301 2639 molossieis

163 2674 328 2738 vocabulis
353 2674 386 2737 in
409 2674 472 2738 fine
496 2675 611 2759 positis
636 2674 720 2738 effici
745 2673 941 2738 concedetis.

248 2777 342 2842 Haec
371 2778 412 2842 de
436 2778 634 2863 syllabarum
657 2777 810 2856 finalium,
836 2798 919 2862 quae
943 2784 1115 2841 occurrunt
1139 2779 1174 2842 in
1198 2782 1301 2847 hexa-

163 2882 259 2945 metri
282 2882 426 2963 arsibus,
456 2881 679 2966 productione.
725 2880 798 2954 Qua
820 2881 921 2944 multo
937 2881 1094 2945 rariorem
1117 2903 1194 2947 esse
1218 2907 1304 2948 nunc

163 2983 347 3048 videbimus
369 2984 613 3069 productionem

251 3146 290 3212 B.
329 3147 362 3210 in
385 3144 549 3212 thesibus
572 3146 703 3211 factam.
750 3145 976 3209 Producuntur
1001 3146 1088 3209 enim

538 3265 565 3333 Ι.
603 3236 938 3350 monosyllaba*),

252 3405 280 3449 a.
306 3405 389 3469 quae
412 3384 523 3448 brevi
546 3385 675 3448 vocali
697 3385 912 3448 terminantur

319 3490 352 3552 in
375 3489 462 3553 tues
526 3487 543 3550 Ι
587 3488 622 3551 11
668 3484 744 3574 [ΠΙ]
789 3487 839 3552 rr
886 3484 940 3573 [v]
988 3486 1038 3551 vr

518 3591 626 3654 ..11
687 3629 727 3638 -.
795 3629 835 3637 -
891 3629 933 3638 -
989 3626 1028 3637 -

258 3695 278 3762 ¹)
298 3695 387 3748 1136:
405 3695 494 3753 κεῖνος
506 3690 576 3766 ἀνήρ
588 3590 747 3766 rothertus.
777 3694 817 3748 De
829 3710 886 3747 uno
903 3694 956 3747 hoe
972 3694 1041 3759 loco,
1060 3711 1117 3762 quo
1129 3695 1238 3751 Paulus
1250 3697 1308 3750 tale

168 3780 391 3848 monosyllabum
411 3779 441 3832 in
459 3779 532 3832 thesi
544 3780 659 3849 longum
671 3778 785 3832 admisit
802 3778 877 3831 infra
889 3778 1023 3832 disserere
1041 3778 1136 3845 liceat,
1156 3781 1227 3849 quia
1239 3783 1308 3837 haec

166 3865 312 3935 productio
335 3868 414 3919 muta
438 3869 467 3920 et
491 3865 600 3934 liquida
623 3868 685 3920 orta
707 3868 757 3918 est.
777 3865 976 3917 —Praeterea
998 3863 1090 3918 locum
1115 3865 1255 3922 adnotavi
1273 3885 1307 3922 ex

167 3953 199 4006 Α.
213 3953 242 4006 Ρ.
253 3952 278 4004 Χ
291 3954 332 4017 76,
347 3954 360 4005 1
381 3947 413 4004 od
431 3970 446 4004 τ
459 3951 474 4002 ὀ
493 3953 549 4020 ζῆν.
585 3952 644 4004 Hae
662 3951 845 4020 productione
863 3953 983 4020 augetur
995 3950 1151 4006 multitudo
1165 3955 1308 4024 exemplo-

167 4056 237 4102 rum,
256 4037 409 4106 exquibus
428 4037 496 4091 satis
515 4036 648 4105 apparuit
667 4037 786 4089 Paulum
803 4037 834 4090 in
853 4036 1064 4107 epigrammatis
1082 4036 1137 4091 sibi
1156 4038 1309 4095 indulsisse

167 4124 296 4178 licentias
315 4124 428 4179 omnino
447 4141 504 4176 non
522 4123 669 4192 permissas
687 4122 718 4175 in
731 4122 925 4193 descriptionis
937 4122 1072 4177 versibus.
1108 4124 1310 4195 cognoscimus

260 4279 284 4344 *)
302 4278 342 4330 De
360 4276 614 4344 monosyllaborum
631 4275 814 4346 productione
832 4277 908 4347 apud
921 4278 1054 4332 Nonnum
1074 4279 1193 4349 eiusque
1214 4283 1309 4338 imita·

167 4366 242 4417 tores
258 4362 289 4416 in
309 4362 381 4416 thesi
400 4362 477 4416 facta
499 4362 638 4432 copiosius
657 4363 873 4431 disputaverunt
894 4364 966 4433 Aug.
986 4363 1153 4420 Seheindler
1170 4369 1308 4436 (Zeitacbr.

142 4448 212 4513 fid
235 4447 269 4504 θ.
290 4449 371 4517 1879,
388 4469 419 4520 p.
435 4451 499 4521 424)
519 4452 548 4506 et
567 4450 650 4507 Arth.
668 4448 807 4505 Ludwich
830 4449 912 4516 lidus.
925 4450 1099 4502 anim
1118 4455 1212 4520 phot
1227 4457 1309 4524 sqq).
