2774 4724
577 275 788 333 ..10-

118 442 310 523 sententiae,
336 444 375 508 de
400 445 517 528 quibus
542 445 663 509 Paulus
689 445 767 528 egit,
791 445 854 508 iarn
878 445 919 507 ab
944 445 1127 529 elegiarum
1153 445 1272 530 poetis

118 547 245 631 graecis
269 553 325 611 aut
349 549 457 612 latinis
482 555 640 613 tractatae
665 555 753 627 sunt,
778 568 912 631 quorum
937 562 1126 612 communes
1152 549 1272 614 fontes

119 655 235 735 poetas
259 650 501 716 Alexandrinos
532 652 633 716 luisse
664 673 749 716 nune
774 652 904 736 quidem
933 653 1018 715 inter
1039 672 1157 716 omnes
1183 673 1270 716 con-

120 758 207 816 stare
223 753 362 819 videtur.
409 754 482 828 Qua
505 756 544 819 de
562 777 597 820 re
614 777 717 841 nuper
734 755 934 839 scripserunt
955 755 1126 839 Augustus
1145 755 1231 820 Otto
1243 755 1270 841 ¹)

121 862 154 919 ct
176 856 361 923 Friderious
390 857 560 942 Mallot2),
590 860 645 944 qui
673 880 746 922 cum
774 844 940 944 exponere
965 858 1156 939 studerent,
1182 880 1269 944 qno-

121 959 218 1024 modo
249 960 442 1044 Propertius
474 984 508 1026 se
539 963 771 1048 adplicavisset
801 963 841 1026 ad
865 968 1035 1049 poctarum
1065 983 1269 1045 graecorum

122 1065 291 1149 exempla,
322 1066 454 1151 saepius
483 1066 523 1131 de
547 1067 801 1152 Byzantinorum
831 1067 1075 1151 epigrammatis
1111 1065 1268 1152 disputa-

125 1174 252 1232 verunt.
298 1166 349 1230 Ad
379 1168 517 1232 Paulum
547 1169 677 1254 quidem
708 1172 884 1256 praecipue
908 1169 1062 1234 Malletus
1087 1172 1267 1254 spectavit.

209 1279 280 1343 lam
308 1279 386 1343 mihi
415 1280 537 1345 licitum
568 1282 610 1345 sit
638 1282 700 1346 hoc
731 1283 802 1345 loco
831 1303 870 1346 ea
903 1281 996 1344 Pauli
1022 1281 1268 1365 epigrammata

124 1387 280 1449 inunum
304 1384 475 1468 colligere,
504 1385 621 1469 quibus
650 1385 705 1449 ille
733 1386 875 1471 priorum
899 1392 1069 1471 poctarum
1093 1384 1268 1450 adseclam

16 1560 18 1564 ,
125 1511 160 1554 se
190 1488 340 1574 praebuit
367 1492 423 1551 aut
453 1495 522 1552 toto
555 1495 747 1573 argumento
778 1496 847 1569 aut,
878 1489 985 1574 quoad
1009 1488 1089 1568 vidi,
1122 1490 1267 1574 singulis

125 1598 251 1658 tantum
274 1593 456 1657 sententiis.
502 1593 537 1657 si
560 1600 668 1657 autem
686 1594 874 1677 neglexero,
899 1615 982 1678 quae
1006 1599 1268 1658 commemoratu

126 1695 225 1779 digna
244 1696 319 1776 sint,
341 1695 484 1758 futurum
509 1716 580 1759 esse
606 1717 711 1781 spero,
735 1703 770 1759 ut
787 1697 883 1759 venia
899 1697 976 1760 mihi
993 1697 1098 1760 detur.
1145 1698 1269 1762 Paucis

127 1800 233 1863 verbis
257 1805 452 1884 argumenta.
475 1799 675 1884 singulorum
701 1801 878 1863 carminum
902 1801 1120 1885 praemittam.

215 1913 295 1977 Sero
324 1920 422 1998 pocta
455 1934 491 1977 se
512 1915 627 1976 amoris
658 1914 734 1996 iugo
760 1913 912 1977 subdidit.
963 1913 1195 1979 Paul.Vaar.
1228 1915 1269 1979 cf.

128 2016 265 2101 Melagr.
276 2015 344 2080 XII
357 2019 408 2080 23.

214 2128 264 2191 Ne
290 2129 361 2213 quis
385 2129 499 2192 timeat
523 2129 661 2213 sagittas
685 2149 848 2214 pennasvo
872 2129 1004 2206 amoris,
1034 2130 1110 2213 quia
1137 2130 1270 2214 inipso

129 2237 227 2317 poeta
251 2252 307 2295 eas
330 2231 473 2317 perdidit
496 2232 587 2296 deus.
633 2231 725 2296 Paul.
742 2231 773 2294 V
790 2233 862 2295 268.
902 2231 1088 2295 Admodum
1111 2232 1272 2318 frequens

131 2343 182 2401 est
199 2336 281 2400 haec
306 2336 468 2399 sententia
493 2335 578 2419 apud
595 2335 759 2418 elegiacos
777 2342 902 2420 poetas,
941 2335 981 2398 cf.
1003 2336 1154 2405 Archiam
1170 2337 1203 2400 V
1216 2341 1271 2403 58.

131 2441 228 2526 Prop.
252 2437 349 2518 1113,
369 2442 407 2500 14
425 2458 493 2522 sqq.
518 2438 610 2518 (Luc.
627 2436 765 2522 Mucll.).
810 2437 962 2501 Nonnum
985 2438 1025 2501 D.
1044 2442 1095 2520 42,
1112 2442 1153 2502 96
1178 2441 1271 2522 alioS,

132 2544 187 2629 qui
214 2542 389 2606 laudantur
411 2541 497 2627 apud
520 2540 689 2604 Malletum
713 2563 744 2627 p.
764 2544 801 2605 18
826 2541 899 2606 adn.
915 2546 942 2608 l.

218 2654 341 2728 Quavis
370 2654 475 2718 forma
503 2655 613 2738 puella
642 2660 773 2738 poetam
803 2654 991 2720 inflammat.
1041 2655 1132 2718 Paul.
1149 2655 1272 2724 V260.

132 2760 173 2824 u.
197 2751 314 2824 arasa.
338 2758 369 2821 v
387 2761 438 2824 rc.
483 2757 602 2822 risun.
618 2756 667 2820 rr
684 2759 713 2836 a,
732 2760 760 2821 c.
806 2740 903 2842 Prop.
920 2756 954 2820 n
973 2764 999 2839 1,
1018 2763 1046 2821 a.
1079 2757 1174 2823 ova.
1192 2782 1223 2826 a.
1241 2784 1272 2826 a.

131 2862 165 2925 H
183 2865 246 2927 295
264 2882 331 2947 sqq.
353 2901 394 2908 -
418 2860 458 2924 ad
475 2883 504 2924 v.
521 2865 550 2924 7.
574 2861 686 2925 videas
711 2861 872 2944 Meleagri
895 2861 926 2923 V
945 2865 1015 2939 140,
1033 2866 1061 2925 4.

221 2973 382 3038 Obsecrat
412 2979 512 3059 poeta
541 2973 697 3057 puellam,
728 2979 764 3035 ut
797 2979 892 3036 sanct
920 2973 1056 3052 vulnus,
1088 2973 1175 3057 quod
1208 2976 1275 3061 ipsi

131 3077 295 3158 intulerit,
327 3077 412 3141 sicut
434 3076 583 3140 Achilles
608 3076 754 3140 saucium
771 3075 954 3160 Telephum
978 3077 1150 3140 curaverit.
1175 3078 1273 3144 Paul.

130 3183 163 3246 V
179 3184 251 3246 291.
277 3181 316 3245 cl.
338 3180 435 3266 Prop.
458 3179 493 3243 ΙΙ
512 3186 539 3260 l,
556 3183 596 3244 63
622 3201 668 3264 sq.
694 3178 789 3243 Ovid.
832 3200 911 3242 rem.
939 3200 1000 3243 arn.
1018 3182 1070 3245 43.
1096 3179 1274 3248 Macedon.

130 3286 161 3349 V
178 3289 257 3359 225;
281 3280 376 3370 plura
399 3284 546 3348 invenies
570 3283 655 3367 apud
679 3282 835 3347 Ottonem
858 3304 889 3368 p.
914 3284 965 3345 21.

219 3397 293 3460 Non
325 3401 402 3480 eget
429 3396 541 3480 puella
570 3395 669 3458 cultu.
699 3393 753 3472 (of.
782 3393 905 3457 Mallet.
929 3416 960 3479 p.
978 3396 1017 3456 33
1043 3393 1125 3478 sqq.)
1177 3395 1275 3464 Paul.

132 3503 163 3565 V
180 3503 253 3567 270.
277 3501 316 3566 cf.
334 3499 433 3584 Prop.
451 3498 467 3561 I
484 3501 513 3562 2.
538 3497 638 3562 Anth.
652 3497 726 3559 Lat.
743 3499 804 3560 897
822 3495 899 3579 (R).

221 3603 319 3668 Cuius
353 3602 458 3688 gratia
495 3608 591 3687 poeta
620 3621 656 3664 se
688 3601 773 3663 colat
804 3600 867 3663 nisi
897 3608 1032 3686 propter
1065 3602 1275 3689 Rhodopen?

132 3707 268 3772 Paul.V
289 3709 361 3770 228.
396 3705 436 3770 cf.
461 3705 534 3768 Tib.
559 3703 657 3783 18,9
682 3724 749 3787 sqq.

218 3812 257 3875 In
286 3810 640 3897 paraclausithyrorum
669 3828 803 3871 numero
836 3808 1024 3871 habendum
1058 3816 1108 3872 est
1138 3831 1277 3877 carmen

132 3916 181 3979 VI
199 3920 249 3997 71,
273 3915 513 4000 quodpropter
537 3912 693 3976 eroticum
716 3918 944 3994 argumentum
968 3912 1123 3976 hocloco
1148 3936 1275 3999 ponere

133 4022 241 4085 liceat.
286 4019 375 4082 Dicit
391 4023 489 4103 pocta
512 4016 552 4080 de
568 4016 769 4098 Anaxagora
785 4015 933 4099 quodam,
957 4018 1011 4101 qui
1030 4017 1160 4102 puellae
1178 4040 1276 4084 coro-

132 4145 255 4204 narum,
281 4122 483 4206 capillorum,
508 4120 697 4205 poculorum
720 4119 885 4202 reliquias,
909 4121 1025 4206 prioris
1041 4122 1162 4185 amoris
1180 4144 1274 4188 mne-

222 4314 241 4378 ¹)
260 4311 300 4364 De
318 4309 421 4363 hrbulis
440 4307 640 4378 Propertianis.
678 4309 829 4363 Vratislav.
851 4309 926 4361 1880.

219 4399 240 4466 ²)
261 4396 443 4462 Quaestiones
461 4395 671 4464 Propertianae.
708 4396 835 4464 Gotting.
855 4396 930 4448 1882.
