2774 4724
586 297 800 355 ,(4-

126 464 297 549 aequalem
319 464 414 529 Pauli
438 463 608 529 Iacobsius
625 465 859 530 demonstravit
882 465 914 528 in
930 466 1092 553 catalogo
1107 475 1289 554 poetarum

127 566 216 653 (tom.
243 568 337 651 XIII,
354 592 385 656 p.
403 568 491 657 906).
509 608 547 617 -
573 571 675 636 Arma
698 594 717 635 a
740 572 979 658 pugnatoribus
1003 571 1082 637 Iovi
1106 582 1174 640 aut
1189 576 1288 641 Marti

126 671 335 755 dedicantur,
365 674 452 760 quod
485 682 712 759 argumentum
747 675 849 740 fuisse
884 674 1210 760 frequentissimum
1244 702 1285 746 ox

129 777 207 840 solis
222 776 410 843 Mnasolcae
434 778 634 844 carminibus
657 780 855 864 perspicitur
877 778 939 863 (VI
955 781 985 844 9.
1005 782 1283 870 125.1280te.);

127 880 215 964 apud
230 881 369 946 Paulum
387 883 525 946 occurrit
540 882 618 946 illud
635 883 668 946 in
681 903 754 968 epp.
770 882 819 945 VI
832 885 882 946 81.
896 883 947 947 84.
963 919 998 928 -
1013 881 1095 950 Βιιο
1107 887 1282 973 epigram·

125 991 213 1049 mato
236 1008 255 1049 a
278 985 382 1048 Paulo
407 987 527 1071 scripta
552 992 626 1050 sunt
649 987 682 1049 in
705 987 847 1050 ferarum
872 987 976 1072 pelles
993 986 1081 1051 Pani
1098 987 1279 1056 dedicatas

125 1089 191 1173 (67.
219 1087 308 1165 168);
333 1111 384 1175 ep.
409 1092 450 1153 82
474 1090 514 1153 de
538 1090 628 1155 tibiis
653 1090 760 1155 eidem
784 1090 846 1155 deo
871 1091 1076 1155 consecratis
1101 1095 1233 1178 agitur.

214 1191 308 1265 Quod
324 1193 357 1255 in
374 1193 620 1278 epigrammatis
638 1193 935 1280 sepulcralibus
951 1193 1025 1257 libri
1042 1193 1124 1261 VH.
1143 1219 1278 1263 carmen

124 1316 144 1357 a
159 1294 262 1358 Paulo
285 1295 318 1358 in
335 1294 471 1359 Homeri
490 1297 649 1359 tumulum
675 1296 830 1382 scriptum
857 1296 1004 1359 videmus
1025 1294 1111 1379 (VII
1129 1300 1182 1384 4),
1206 1303 1276 1387 ipso

125 1419 167 1461 ex
190 1399 282 1463 initio
299 1398 395 1462 huius
419 1398 494 1462 Iibri
511 1401 722 1485 conspicuum
747 1405 798 1463 est
820 1420 883 1463 non
902 1398 1005 1462 solum
1029 1399 1064 1463 in
1081 1399 1274 1469 Homerum

125 1500 213 1587 (epp.
240 1501 346 1583 1-7),
373 1501 431 1566 sod
455 1503 553 1566 etiam
578 1503 611 1565 in
634 1503 716 1566 alios
740 1509 855 1588 poetas
880 1503 1092 1586 clarissimos,
1116 1509 1271 1572 velutin

126 1603 304 1688 Orpheum,
329 1607 360 1668 in
386 1605 538 1691 Sappho,
562 1606 595 1669 in
618 1606 821 1687 Alcmanem,
845 1606 938 1686 alios,
961 1606 1041 1670 talia
1066 1611 1271 1693 sepulcralia

126 1709 318 1793 saepissime
345 1709 476 1772 condita
500 1729 584 1773 esse.
631 1706 749 1772 Oetera
772 1708 869 1772 huius
890 1709 965 1772 libri
981 1711 1128 1776 carmina
1146 1715 1272 1800 scripto

125 1818 201 1874 sunt
230 1819 286 1875 aut
315 1812 347 1874 in
382 1818 520 1876 mortem
543 1818 785 1897 praematuram
808 1812 944 1895 virgInis
967 1812 1140 1877 cuiusdam
1168 1815 1270 1902 (604),

126 1916 166 1980 cf.
184 1916 305 2001 Agath.
322 1916 388 1979 VII
405 1919 478 1997 568,
501 1923 557 1980 aut
574 1917 606 1979 in
622 1917 846 2002 pantominum
864 1913 967 2000 (563),
991 1916 1023 1979 in
1040 1914 1269 1985 Damooharin

125 2021 228 2104 (588),
246 2023 278 2085 in
291 2042 402 2086 senem
417 2022 578 2105 quendam
591 2020 694 2105 (606),
703 2022 735 2083 in
748 2021 922 2084 Leontium
935 2021 1073 2084 amicum
1088 2024 1196 2108 (560).
1232 2024 1269 2089 In

124 2145 176 2210 ep.
202 2124 267 2188 VII
280 2128 342 2189 609
366 2126 551 2210 sepulcrum
575 2126 701 2202 Attico,
725 2127 779 2212 qui
809 2127 870 2190 sibi
898 2128 969 2213 ipse
997 2127 1077 2191 illud
1110 2129 1269 2209 condidit,

123 2230 255 2314 longam
292 2235 384 2316 optat
414 2231 530 2311 uitam,
568 2232 619 2294 cui
651 2232 784 2294 carmini
816 2232 984 2316 persimile
1025 2237 1075 2296 est
1113 2232 1186 2297 VII
1207 2235 1266 2298 228

124 2334 240 2396 incerti
274 2339 400 2419 poetae.
446 2335 574 2398 Novam
598 2341 708 2398 autem
733 2335 964 2419 sepulcralium
990 2336 1266 2421 epigrammatum

123 2437 259 2500 formam
291 2438 420 2523 repperi
450 2438 483 2499 in
505 2438 600 2501 Pauli
624 2460 674 2524 ep.
700 2441 773 2503 307.
819 2437 940 2502 Mortui
964 2440 1004 2503 de
1029 2461 1064 2503 se
1089 2441 1164 2525 ipso
1191 2463 1265 2505 nar-

123 2541 281 2604 rationem
314 2542 407 2605 vivus
438 2542 658 2627 interrumpit,
688 2550 724 2605 ut
753 2543 833 2606 nihil
863 2564 936 2608 esse
966 2544 1095 2607 obscuri
1120 2545 1264 2609 hominis

122 2644 312 2707 memoriam
346 2644 618 2728 dedignabundus
659 2645 830 2729 significet.
882 2645 960 2730 Ipsa
992 2651 1102 2710 autem
1138 2646 1261 2732 dialogi

121 2747 225 2811 forma
256 2747 344 2811 haud
375 2768 448 2811 rara
480 2753 531 2811 est
558 2748 590 2809 in
614 2747 664 2810 his
691 2749 954 2832 epigrammatis;
976 2770 1052 2812 nam
1074 2749 1261 2815 invenimus

122 2871 204 2929 eam,
228 2855 264 2914 ut
286 2851 337 2914 his
361 2856 436 2913 utar
459 2851 630 2936 exemplis,
654 2852 686 2914 in
710 2851 783 2915 Iibri
807 2853 883 2916 VII.
909 2874 981 2937 epp.
1008 2855 1193 2920 163-165.

206 2954 246 3017 In
275 2955 323 3018 eis
348 2954 560 3032 carminibus,
586 2975 669 3038 quae
693 2955 913 3039 Anthologiae
937 2957 1020 3019 liber
1041 2955 1101 3020 IX.
1128 2978 1262 3023 conser-

121 3056 208 3119 vavit
231 3051 481 3141 (ἐπιγράμματα
504 3051 760 3121 ἑπιδεικτικά
784 3078 821 3120 eo
847 3057 1079 3142 continentur),
1104 3060 1176 3122 sola
1195 3061 1263 3125 fere

122 3180 161 3222 oa
183 3166 376 3244 argumenta
391 3160 561 3245 usurpavit
576 3159 708 3240 Paulus,
733 3181 816 3244 quae
841 3167 897 3224 aut
921 3161 962 3225 ab
986 3161 1262 3228 antecedentibus

120 3270 176 3326 aut
199 3263 240 3327 ab
266 3263 458 3348 aequalibus
490 3263 597 3348 poetis
618 3268 758 3326 tractata
787 3270 888 3327 erant.
940 3264 1023 3327 Nam
1048 3285 1132 3349 quae
1150 3265 1264 3331 fabula

120 3368 153 3430 in
177 3389 226 3453 ep.
245 3371 306 3433 396
323 3368 364 3432 de
381 3367 476 3430 turdo
491 3371 524 3430 et
540 3368 666 3430 merula
681 3368 830 3448 refertur,
847 3369 910 3432 iam
927 3374 1023 3432 antea
1039 3376 1172 3434 narrata
1190 3378 1263 3437 erat

120 3472 364 3555 epigrammatis
395 3469 563 3556 Antipatri
592 3470 659 3535 sid.
691 3470 754 3554 (IX
772 3473 824 3555 76)
855 3477 887 3534 et
916 3472 1055 3536 Archiae
1080 3472 1146 3556 (IX
1170 3476 1260 3558 343).

123 3573 366 3639 Creberrimum
398 3580 507 3638 autem
532 3581 758 3657 argumentum
782 3583 881 3660 poeta
904 3576 966 3640 sibi
989 3576 1127 3662 sumpsit
1150 3579 1184 3641 in
1210 3600 1260 3665 ep.

121 3678 170 3741 IX
186 3681 266 3759 620,
298 3678 384 3763 quod
413 3699 543 3742 carmen
573 3679 606 3740 in
635 3678 770 3742 balneas
804 3680 965 3743 seiunctas
996 3681 1151 3764 scriptum
1180 3704 1258 3748 esse

120 3782 251 3867 copiose
267 3783 374 3867 ipsum
390 3782 510 3846 lemma
527 3782 649 3845 indicat
673 3777 734 3865 (εἰς
754 3777 889 3867 λουτρὸν
905 3778 1051 3866 δίδυμον,
1075 3779 1108 3847 ἓν
1131 3771 1160 3870 ᾧ
1182 3781 1261 3851 λού-

119 3907 210 3948 ονται
238 3882 294 3949 καὶ
318 3887 465 3970 γυναῖκες
494 3882 551 3949 καὶ
576 3877 723 3970 ἄνδρες),
757 3884 852 3949 Talia
883 3887 1118 3970 epigrammata
1142 3887 1261 3953 balne-

119 3989 205 4068 aria,
237 3996 272 4052 ut
295 3989 342 4052 ita
365 3989 488 4068 dicam,
513 3990 667 4073 leguntur
690 3989 724 4050 in
747 3988 807 4052 hoc
830 3990 1049 4075 Anthologiae
1074 3991 1158 4054 libro
1184 3993 1261 4058 inde

118 4093 159 4157 ab
177 4114 227 4178 ep.
244 4095 307 4155 606
330 4114 434 4177 usque
459 4093 499 4155 ad
523 4114 573 4178 cp.
589 4096 661 4172 640,
679 4113 814 4176 quorum
831 4098 959 4178 poetae,
983 4101 1019 4157 ut
1049 4093 1135 4158 solos
1161 4096 1262 4162 Pauli

118 4198 271 4281 aequales
286 4197 462 4279 nominem,
474 4196 646 4281 Agathias,
662 4195 888 4276 Macedonius,
904 4196 1132 4277 Damooharis,
1145 4197 1259 4265 Leon-

117 4301 180 4364 tius
205 4300 315 4366 Sobol.
339 4306 425 4366 sunt.
450 4339 489 4347 -
512 4301 587 4363 Non
611 4299 716 4362 minus
740 4300 892 4364 lubenter
915 4307 1032 4385 poetae
1056 4301 1104 4364 illi
1126 4301 1168 4367 de
1191 4304 1261 4390 By-

117 4405 217 4470 aantii
241 4403 376 4469 aedibus
401 4425 514 4468 versus
538 4409 718 4467 tornavere.
764 4403 856 4468 Pauli
887 4403 950 4467 duo
973 4405 1161 4471 huiusmodi
1186 4431 1259 4474 oar·
