2774 4724
526 338 801 399 -75-·

67 503 177 588 gulis
200 502 366 588 liquidis
389 506 542 601 proxima
563 507 663 570 vorba
686 508 914 573 incohantibus
938 509 1088 574 efficitur.
1133 510 1203 574 Ne-

69 626 133 691 que
156 607 243 670 enirn
266 628 420 691 umquam
443 608 565 672 Paulus
590 609 723 675 brevem
746 612 907 696 syllabam

154 750 183 795 a.
217 730 256 792 in
293 728 375 793 fine
415 729 508 794 verbi
541 731 696 816 produxit
731 733 874 817 liquidae
911 734 1076 818 sequentis
1111 733 1203 797 verbi

69 832 208 909 auxilio,
241 832 274 897 id
305 832 390 917 quod
412 832 550 897 Nonnus
583 835 615 897 in
645 836 842 921 pyrrhichiis
872 837 978 901 verbis
1009 837 1139 901 admisit
1170 837 1203 899 in

68 937 134 999 arsi
149 935 218 1018 lu,
242 957 339 1021 quam
356 937 572 1002 antecedente
591 959 728 1003 caesura
745 941 808 1003 ΙΙΙ.
823 962 976 1026 magnam
992 942 1056 1005 vim
1071 945 1204 1026 praeter

69 1044 196 1103 ceteras
227 1061 319 1104 arses
342 1039 508 1126 possidere
536 1047 675 1108 constat.
720 1042 866 1129 Reliquis
890 1044 923 1107 in
946 1045 1073 1109 arsibus
1096 1043 1203 1107 Pano·

69 1142 232 1227 politanus
256 1143 340 1206 hano
363 1144 556 1229 positionem
580 1167 645 1208 non
664 1145 811 1211 adhibuit
834 1148 897 1211 nisi
920 1148 953 1210 in
977 1147 1124 1211 versibus
1148 1152 1205 1210 aut

69 1245 182 1309 formis
214 1268 257 1311 ex
287 1245 433 1310 Homero
462 1247 625 1316 derivatis.
679 1248 730 1314 De
763 1250 825 1315 hoc
856 1251 964 1314 Nonni
992 1272 1054 1314 usu
1081 1252 1203 1335 primus

70 1349 139 1433 egit
169 1349 401 1414 Scheindlerus
437 1350 504 1434 (qu.
527 1350 675 1415 Nonnl
705 1373 775 1437 cap.
797 1353 844 1438 1);
885 1359 959 1439 post
987 1374 1062 1418 eum
1094 1360 1203 1418 autem

70 1453 251 1516 accuratius
268 1453 352 1517 hanc
364 1474 432 1517 rem
447 1456 601 1539 exposuit
617 1456 773 1541 Aloysius
786 1456 895 1521 ltzacb
913 1459 945 1521 in
962 1457 1203 1536 dissertatione,

71 1556 125 1620 cui
161 1556 344 1620 inscribitur
379 1555 514 1622 Studien
549 1579 608 1623 aar
645 1559 783 1624 Tecbailc
820 1562 874 1624 des
910 1560 1205 1625 aacbhomcriscbca

77 1658 185 1724 Vcrses
199 1658 388 1742 (Sita-Ber.
411 1661 441 1724 d.
466 1661 567 1726 Wiea.
586 1663 641 1725 Ac.
662 1665 754 1745 1879,
772 1670 849 1730 tom.
867 1664 971 1745 XCV,
987 1687 1018 1751 p.
1035 1667 1094 1728 681
1111 1667 1203 1749 sqq),

70 1764 192 1848 inqua
220 1763 319 1828 etiam
341 1763 437 1826 Pauli
467 1771 714 1850 ceterorumque
738 1766 847 1830 Nonni
876 1767 1080 1832 adseclarum
1107 1788 1204 1831 usum

71 1867 244 1932 enarravit.
290 1867 362 1941 Quo
393 1867 426 1930 in
450 1868 630 1933 excolendo
660 1891 725 1934 una
749 1891 821 1934 cum
845 1871 948 1935 Paulo
975 1868 1204 1934 Christodorus

72 1977 108 2036 et
131 1970 268 2035 Ioannes
290 1970 441 2036 Gazaeus
471 1973 663 2037 morosiores
693 1975 825 2038 fuerunt
847 1996 944 2059 quam
967 1975 1037 2060 ipse
1056 1974 1204 2038 Nonnus.

158 2093 188 2158 b.
216 2093 255 2157 In
283 2092 425 2159 mediis
456 2100 565 2158 autem
601 2094 738 2158 verbis
774 2116 933 2180 persaepe
963 2094 1085 2158 Paulus
1120 2095 1204 2158 hanc

70 2196 315 2283 productionem
329 2197 461 2262 admisit
473 2204 548 2262 ante
561 2198 688 2262 litteras
704 2203 721 2284 ῥ
739 2203 772 2262 ct
789 2218 810 2263 σ
825 2220 885 2263 nec
902 2220 966 2262 non
982 2196 1203 2283 vgeminatas.

156 2317 315 2382 Nimirum
345 2319 596 2398 usitatissimae,
627 2326 669 2408 ut*
686 2320 719 2382 in
743 2320 887 2384 carmine
911 2319 1020 2404 spico,
1045 2340 1105 2384 eae
1130 2326 1205 2383 sunt

70 2421 209 2502 formae,
234 2443 317 2507 quae
342 2423 427 2486 inde
442 2423 483 2487 ab
507 2422 644 2486 Homeri
668 2423 871 2507 temporibus
894 2423 1021 2487 duabus
1044 2424 1205 2488 alitteris

71 2527 170 2592 scribi
200 2527 365 2608 solebant,
399 2528 450 2593 vel
481 2527 581 2592 dativi
612 2528 747 2613 pluralis
772 2529 918 2592 neutrius
942 2529 1074 2613 generis
1097 2528 1207 2609 (sicuti

72 2626 215 2712 ἐπέεσσι,
230 2628 399 2715 τεμένεσσι
416 2632 470 2714 al.)
495 2633 547 2697 vel
570 2632 691 2696 formae
708 2632 859 2696 verbalcs
877 2626 1064 2716 (τανύσσας,
1077 2625 1207 2696 ’πετάσ-

71 2738 162 2818 σαι),
186 2737 378 2822 pronomina
400 2731 532 2820 (b'oco)‚
562 2736 724 2801 adiectiva
746 2733 907 2820 (μέσσον),
930 2739 971 2800 al.
1017 2735 1108 2809 Quae
1131 2757 1206 2821 pro-

71 2839 243 2904 ductiones
272 2841 341 2904 sivc
368 2841 607 2924 geminationes
638 2841 829 2926 saepissime
859 2842 891 2904 in
916 2841 980 2904 arsi
1004 2839 1064 2904 ΙΙΙ.
1089 2860 1202 2903 occur-

71 2950 157 3008 runt.
172 2981 213 2991 -
232 2944 298 3010 Sed
315 2944 414 3009 ctiam
437 2945 500 3008 hae
522 2945 645 3009 formae
668 2966 687 3007 a
706 2944 810 3007 Paulo
826 2949 1002 3030 usurpatae
1019 2943 1205 3008 homericae

72 3052 164 3112 sunt:
195 3043 401 3134 περίῤῥυεος,
431 3040 602 3134 ἇποῤῥώξ,
627 3039 818 3128 ἆνέσσνται,
842 3039 1039 3133 ἆννεφέλοιο,
1064 3038 1206 3132 ἇσοῤῥί-

72 3164 205 3239 ψαντες,
225 3147 385 3239 &cilicos
410 3174 545 3238 quorum
569 3158 635 3217 tres
654 3153 786 3216 ultimae
809 3153 841 3215 in
857 3152 965 3215 Nonni
981 3172 1109 3236 quoquo
1134 3173 1205 3215 car-

71 3255 212 3320 minibus
235 3257 398 3341 leguntur.
423 3294 461 3303 —
485 3256 655 3320 Nonnicae
671 3256 734 3320 hae
751 3262 840 3319 sunt:
864 3252 1037 3342 σονέρῥεον,
1055 3247 1204 3341 ἀῤῥαγής,

70 3353 293 3441 ὑποσσαίνων,
317 3359 547 3442 πολισσοῦχος.
566 3399 604 3407 -
626 3360 775 3424 Imitatur
790 3360 912 3423 Paulus
930 3359 1109 3424 Homerum
1125 3380 1205 3423 voce

71 3458 254 3551 ἆλιῤῥοθίῳ
279 3464 332 3548 (cf.
356 3488 372 3530 ε
396 3467 456 3528 430
482 3459 734 3551 notissimos),
767 3464 918 3527 Nonnum
941 3463 1047 3527 verbis
1070 3456 1206 3547 χροσόῤ-

70 3572 175 3655 ῥυτσς,
198 3562 449 3654 ποταμόῤῥντος
472 3568 527 3653 (cl.
555 3572 603 3648 14,
621 3572 682 3632 414
704 3563 916 3653 pelliciosos).

157 3689 435 3774 Frequentissime
466 3690 608 3775 liquidae
638 3694 694 3752 aut
721 3709 742 3752 σ
770 3688 881 3751 littera
908 3688 941 3750 in
972 3688 1038 3751 arsi
1060 3685 1122 3752 III.
1151 3693 1207 3749 aut

68 3794 102 3860 in
128 3794 193 3859 arsi
217 3793 259 3858 V.
283 3794 498 3878 geminantur,
521 3793 626 3857 rarius
650 3793 683 3855 in
707 3793 834 3856 arsibus
857 3792 894 3870 L,
919 3790 987 3869 Vl„
1012 3790 1081 3871 IV„
1104 3790 1148 3855 ΙΙ.

28 3952 39 3973 ι
153 3915 195 3980 In
212 3914 319 3979 thesi
341 3914 390 3978 bis
403 3915 487 3979 hanc
498 3913 744 4000 productionem
758 3912 1053 3989 animadvertimus
1070 3913 1206 3976 alteram

66 4028 142 4089 ante
172 4021 303 4085 litteras
332 4017 370 4082 λλ
399 4019 432 4083 in
463 4018 550 4082 thesi
573 4018 631 4082 IV.
665 4018 712 4102 (ΙΙ
734 4021 796 4081 570
823 4011 1000 4101 tollianae,
1032 4036 1115 4099 quae
1145 4037 1206 4078 vox

64 4127 105 4192 ad
131 4121 280 4193 Homeri
308 4122 495 4207 exemplum
529 4124 575 4204 (a
596 4124 673 4205 488)
698 4120 853 4206 spectat),
887 4119 1022 4183 alteram
1057 4119 1089 4180 in
1122 4117 1207 4182 thesi

63 4233 154 4320 pedis
179 4227 229 4294 II.
256 4224 290 4310 (I
305 4227 345 4289 36
369 4221 540 4308 ἕσσασθε).
