2774 4724
587 316 779 377 ..3-

117 490 150 546 et
173 483 238 546 alia
261 482 351 546 aedis
375 485 448 548 loca
472 492 585 550 sancta
607 486 716 550 deleta
738 493 813 550 εο111
825 484 861 570 1).
907 485 1013 560 Quam
1032 487 1250 551 calamitatem

116 608 327 671 permagnam
344 610 363 651 a
378 588 481 652 Paulo
505 595 616 653 nostro
639 590 672 653 in
689 589 905 675 descriptione
928 591 980 654 his
1002 592 1152 656 versibus
1176 612 1250 654 nar-

116 695 219 751 ratam
248 690 386 774 legimus
418 691 447 772 (I
464 694 504 755 66
521 692 600 777 sq.):
662 708 664 713 '

521 791 600 878 μίης
628 787 753 882 ἁψῖδος
782 787 1001 883 διπωλίσθησε
1034 791 1147 885 κεραίη

278 889 482 986 δντολικὴ,
507 894 650 986 σφαίρης
671 922 706 964 τε
728 892 827 980 λοίχος
847 894 993 986 κονίῃσιν
1015 895 1147 985 ἐμίχθη.

204 1000 355 1065 Ecclesia
378 1009 488 1066 autem
504 1024 577 1066 cum
593 1002 700 1068 denuo
724 1005 826 1067 multo
842 1003 964 1068 maiore
989 1024 1063 1067 curn
1078 1003 1250 1088 splendore

116 1096 214 1189 atquc
227 1104 398 1168 altitudine
414 1107 567 1171 restituta
584 1114 684 1188 esset,
699 1109 817 1171 iterum
829 1113 1021 1172 consecrata
1037 1113 1088 1172 est
1100 1113 1253 1191 quattuor

117 1209 209 1270 annis
238 1214 312 1293 post
344 1209 434 1273 illam
463 1211 599 1274 ruinam.
651 1209 805 1274 Traditur
836 1212 922 1275 enim
951 1216 984 1274 et
1007 1231 1027 1273 a
1049 1210 1250 1295 Theophane

117 1315 251 1396 (11.238,
272 1315 323 1395 18)
347 1320 380 1376 et
403 1315 437 1376 in
460 1312 622 1378 Chronico
646 1314 799 1378 Paschali
823 1313 867 1399 (p.
886 1317 959 1395 687,
979 1313 1032 1398 12)
1057 1336 1086 1378 a.
1102 1313 1251 1378 XXXVI

117 1415 290 1479 Iustiniani
313 1417 520 1501 imperatoris
544 1417 686 1481 secunda
710 1417 876 1483 celebrata
900 1438 973 1482 esse
991 1418 1157 1498 encaenia,
1180 1418 1250 1502 qui-

117 1519 177 1581 bus
187 1519 368 1603 Eutychius
382 1521 583 1604 patriarches
596 1521 803 1606 praefuisset.
838 1517 961 1592 Quibus
974 1542 1045 1583 cum
1057 1521 1252 1585 testimoniis

118 1626 247 1687 omnino
276 1633 460 1709 congruunt
482 1626 576 1689 Pauli
604 1647 718 1690 versus
741 1625 815 1689 134
834 1646 903 1710 sqq.
925 1631 957 1689 et
983 1624 1000 1687 Ι
1020 1627 1152 1708 196111),
1176 1645 1252 1687 nam

117 1729 247 1811 poetica
278 1730 423 1792 oratione
453 1729 636 1794 cumidem
662 1750 766 1793 annus
791 1735 858 1792 tum
883 1727 952 1792 dles
974 1729 1045 1812 ipse
1070 1729 1117 1792 sic
1141 1728 1250 1812 expri-

115 1831 215 1893 mitur
239 1831 268 1911 (I
286 1835 326 1894 34
343 1831 441 1917 sqq.):

245 1926 379 2019 Ἀνέρες,
405 1923 472 1998 οἷσι
494 1931 617 2020 μέμηλε
640 1931 783 2000 θεουδέα
806 1929 919 2016 θεσμὰ
941 1929 1109 2020 γεραίρειν,

247 2035 341 2125 δεῦρό
363 2065 432 2123 μοι,
456 2033 657 2122 δχλυόεσσαν
679 2032 928 2127 ἀπορρίψαντες
950 2034 1050 2124 ἀνίην,

246 2133 390 2224 χιονέους
412 2141 559 2210 ἕσσασθε
581 2139 756 2232 γεγηθότες
778 2139 883 2230 δίψιοι
906 2139 1064 2220 πέπλους.

247 2241 347 2330 δυίκρυ
370 2245 406 2310 δέ
428 2244 646 2332 πενταέτηρον
669 2241 909 2335 ἆποψήσαντες
932 2239 1085 2332 ὀπωπῆς,

246 2348 417 2436 μέληυομεν
439 2343 601 2438 εὐφήμοις
623 2343 691 2416 ὑπὸ
713 2346 853 2431 χείλεσιν
875 2342 1022 2427 εἷίποδας
1043 2343 1173 2432 ὕμνους.

116 2454 233 2539 ltaque
250 2454 353 2519 Paulo
370 2476 497 2540 quoque
521 2460 606 2519 teste
629 2455 715 2519 inter
731 2455 858 2519 ruinam
882 2459 915 2518 et
932 2453 1091 2518 encaenia
1109 2451 1253 2516 secunda

117 2563 269 2642 quattuor
293 2580 453 2622 annorum
475 2559 617 2644 spatium
633 2558 862 2622 intercessisse
887 2562 1023 2634 constat,
1047 2576 1122 2619 nam
1145 2555 1253 2618 verbis

117 2655 217 2746 δάκρυ
240 2659 458 2748 πενταέτηρον
487 2663 643 2726 lacrimae
674 2683 733 2746 per
761 2665 914 2744 quattuor
937 2679 1038 2722 annos
1061 2659 1154 2722 fusae
1179 2679 1252 2722 esse

118 2764 277 2829 dicuntur.
324 2764 420 2829 Diem
445 2770 554 2829 autem
570 2764 695 2830 XXIV.
712 2763 896 2848 decembris
917 2760 1065 2825 versibus
1088 2761 1104 2823 I
1126 2762 1185 2824 196
1204 2781 1251 2844 sq.

116 2868 161 2929 ita
185 2868 364 2932 declaravit
386 2875 498 2953 poeta:

245 2966 387 3056 ἔπρεπεν
411 2966 515 3057 ἑξείης
536 2965 620 3053 μετὰ
643 2967 802 3035 θέσκελον
824 2957 914 3057 ἦμαρ
937 2966 1040 3034 έκεῖνο

246 3069 409 3154 ζιυοτόκου
434 3077 595 3159 Χριστοῖο
619 3071 786 3160 γενέθλιον
807 3061 896 3159 ἦμαρ
920 3068 1065 3138 ἱκέσθαι.

117 3178 156 3240 ln
181 3179 319 3262 vestigio
343 3179 443 3264 igitur
467 3184 598 3242 secutus
623 3184 673 3242 cst
702 3178 861 3241 encaenia
885 3176 1005 3240 Christi
1040 3176 1109 3240 dies
1132 3176 1251 3240 natalis

123 3280 163 3342 ‘X
233 3329 239 3343 .
322 3331 355 3346 ..

116 3291 128 3364 λ
165 3280 395 3470 Xlladdd)ex
428 3387 499 3471 ipsa
534 3384 752 3470 descriptione
780 3383 982 3468 intellegitur
1008 3382 1147 3447 Paulum
1176 3387 1251 3468 post

116 3509 235 3550 annum
260 3493 332 3568 563,
358 3510 421 3575 quo
444 3488 694 3553 celebrabantur
716 3487 861 3553 secunda
877 3488 1044 3567 encaenia,
1068 3488 1249 3573 scripsisse.
1310 3502 1313 3507 '
1357 3502 1359 3507 ·

205 3591 264 3654 Oui
297 3594 434 3657 termino
463 3595 602 3658 alterurn
630 3591 751 3656 addere
778 3612 966 3676 possumus,
999 3592 1027 3654 si
1049 3592 1169 3655 multos
1193 3611 1249 3654 eos

115 3698 206 3760 locos
243 3696 545 3777 animadvertimus,
583 3696 700 3781 quibus
730 3700 829 3782 poeta
857 3695 1090 3782 imperatorem
1122 3695 1169 3758 ita
1191 3693 1248 3758 ad-

207 3905 225 3966 1)
245 3901 277 3954 cf.
299 3901 423 3970 Theoph.
442 3921 469 3971 p.
486 3902 545 3966 232,
555 3903 588 3956 26
599 3919 659 3969 sqq.
700 3901 793 3954 Minus
812 3902 940 3954 accurate
959 3899 1097 3969 Agathias
1115 3899 1179 3953 hist.
1198 3899 1249 3954 V9

116 4007 142 4056 p.
161 3989 211 4042 295
235 3989 277 4042 ed.
300 3989 388 4042 Bonn.
408 3990 452 4055 (cf.
474 3989 598 4043 Dindorf.
621 3988 686 4042 hist.
714 4006 755 4056 gr.
779 3987 846 4040 min.
865 3987 919 4041 vol.
939 3987 1044 4055 11361)
1070 3987 1120 4040 sub
1153 4004 1177 4041 a.
1199 3986 1250 4040 557

116 4074 277 4141 (Iustiniani
297 4075 399 4142 XXXI)
424 4077 452 4128 et
475 4075 585 4128 ruinam
608 4076 637 4128 et
659 4074 868 4128 restitutionem
891 4073 1009 4127 alteram
1032 4073 1164 4128 ecclcsiae
1188 4089 1251 4126 nar·

114 4161 200 4223 ravit3
213 4161 325 4229 scripsit
336 4161 410 4214 enirn
420 4161 473 4215 hoc
482 4161 543 4216 loco
553 4161 691 4231 Agathias
700 4160 847 4214 historiam
856 4159 933 4213 aedis
942 4158 1008 4212 inde
1018 4158 1053 4212 ab
1063 4157 1208 4213 incendiis.
1217 4187 1249 4196 -

115 4249 155 4300 llo
186 4248 229 4300 his
257 4248 338 4301 rebus
368 4247 453 4300 etiam
477 4247 656 4302 Kortuemius
685 4247 746 4317 egit
779 4247 809 4300 in
836 4245 1011 4315 praefatione
1045 4244 1249 4300 dissertationis

115 4334 305 4401 Salaenbergii
331 4335 408 4404 operi
432 4333 579 4403 splendido
603 4333 742 4410 adiectae,
774 4332 849 4401 quod
878 4331 1039 4386 inscribitur
1061 4329 1251 4384 Altclnistttclrc

115 4421 314 4474 Ilrrrdenlrnolc
331 4437 383 4473 ron
403 4420 620 4488 Οοκυλσιιιιῗνιομιῑ
638 4422 652 4487 (
651 4420 745 4473 Berlin
764 4423 838 4488 1854)
857 4420 893 4474 ci.
909 4419 978 4486 pst
995 4420 1028 4468 st,
1041 4417 1132 4542 οὲ
