2774 4724
580 274 793 335 -ις,

116 446 175 509 roi·
204 440 464 527 lrrraalorpiror
489 438 712 525 Ζευξίπποιῼ.
762 440 835 515 Quo
862 440 1009 506 carmine
1042 462 1111 505 non
1137 439 1170 504 id
1191 438 1248 523 egit

117 555 228 633 poeta.
261 554 296 610 at
328 556 453 611 statuas
483 547 556 611 illas
584 554 662 611 ante
692 547 804 610 oculos
835 552 994 631 poneret,
1028 544 1089 610 sed
1118 542 1247 608 laudatis

117 652 290 715 virtutibus
307 652 518 735 singulorum,
535 672 672 737 quorum
688 650 848 735 imagines
863 648 1075 727 videbantur,
1092 647 1245 711 hominum

117 763 220 819 artem
234 778 325 819 suauu
339 762 507 841 praestare
521 756 631 819 voluit.
670 754 786 839 Neque
802 754 920 818 melius
936 752 1082 816 Ioannes
1096 750 1245 825 Gazaeus,

117 860 210 923 cuius
240 859 280 923 de
313 859 516 943 temporibus
546 860 628 922 certi
655 859 701 922 nil
732 857 796 921 diei
823 862 949 942 potest,
979 855 1071 920 orbis
1099 861 1244 919 terrama

118 962 263 1025 clrartaur
288 960 471 1047 descripsit,
495 982 590 1045 quam
614 968 733 1046 poetae
755 960 905 1025 versibus
929 959 1162 1023 adumbratam
1183 974 1244 1021 csse

118 1068 189 1151 ipse
205 1067 364 1152 poematis
380 1065 506 1137 titulus,
530 1066 585 1151 qui
609 1072 660 1129 est
675 1060 833 1152 s'iaponocg
852 1064 912 1129 τοῦ
926 1062 1093 1147 κοσμικοῦ
1107 1058 1243 1137 πίνακος,

118 1170 263 1254 profiteri
293 1169 430 1236 ridetur.
483 1168 550 1233 Sed
579 1169 667 1234 solas
697 1190 753 1233 eas
782 1169 903 1253 figuras
933 1168 967 1231 in
997 1166 1115 1231 charte
1143 1164 1243 1251 pictas,

117 1294 201 1357 quae
240 1272 418 1357 allegorice
451 1279 508 1336 aut
542 1293 674 1353 acrum,
709 1273 840 1351 stellas,
870 1278 1027 1357 quattuor
1055 1277 1172 1335 ventos
1199 1272 1244 1331 aut

119 1397 218 1441 mare.
244 1375 331 1440 orbis
355 1385 515 1441 terrarum
539 1382 661 1461 partes,
685 1384 824 1455 noctem,
848 1375 924 1439 anni
948 1381 1102 1460 tempora
1124 1390 1242 1459 reprae-

118 1488 264 1553 sentant,
293 1482 394 1545 nimia
422 1481 595 1546 verberum
628 1482 736 1567 eopia,
767 1501 850 1565 quae
878 1479 946 1543 lere
980 1484 1052 1542 tota
1080 1499 1124 1541 ex
1150 1472 1243 1539 Nonni

118 1586 273 1650 thesauro
298 1586 445 1650 derivata
468 1591 529 1658 est,
554 1585 849 1668 molestissimoque
872 1589 1001 1648 tumore
1025 1580 1184 1666 depinxit.

206 1689 299 1752 l‘auli
332 1694 442 1753 alitem
471 1689 648 1774 descriptio
680 1687 813 1772 Hagiae
844 1686 988 1771 Sophiae
1027 1684 1117 1770 quod
1155 1681 1242 1746 multe

120 1795 225 1858 rarius
250 1816 346 1879 quam
371 1796 606 1880 epigrammata
635 1795 704 1858 cius
727 1794 760 1857 in
784 1794 926 1857 virorum
950 1791 1121 1855 doctorum
1144 1804 1244 1853 manus

118 1898 223 1979 venit,
248 1899 310 1962 boe
333 1898 385 1962 vel
416 1920 455 1962 co
478 1898 637 1984 explicari
663 1898 742 1960 milri
771 1896 913 1976 videtur,
944 1895 1049 1981 quod,
1073 1916 1148 1959 eum
1175 1892 1243 1955 haec

118 2000 338 2085 Antlrclogiac
348 2002 524 2065 lectoribus
537 2005 621 2065 ultro
633 2001 821 2081 offerantur,
834 2001 922 2064 illins
933 1999 1107 2063 commoda
1116 1997 1243 2063 editions

118 2104 303 2168 etiamnunc
335 2126 492 2170 caremus.
537 2104 659 2168 Earum
687 2105 774 2168 enim
803 2103 996 2181 editionum,
1029 2102 1152 2187 quibus
1179 2097 1244 2163 selis

119 2208 165 2269 uti
189 2208 282 2285 licet,
314 2210 420 2294 prima
450 2209 589 2274 debetur
616 2208 830 2271 Friderice
862 2205 1026 2286 Graefe,
1060 2206 1134 2291 qui,
1160 2201 1244 2267 utde

118 2309 224 2373 Nonni
258 2311 531 2396 Dionysiaeorum
562 2312 653 2375 libris
677 2312 799 2396 optime
829 2311 962 2376 meritus
991 2314 1057 2391 cst,
1085 2310 1132 2373 ita
1160 2307 1245 2371 etiarn

119 2413 270 2478 adseclae
295 2415 459 2478 Nonniani
483 2437 615 2479 carmen
638 2415 804 2496 tractavit,
830 2415 914 2500 quod
937 2434 1004 2478 une
1028 2434 1104 2478 cum
1126 2410 1245 2477 Ioannis

119 2516 243 2583 Gazaei
259 2519 477 2604 descriptione
494 2542 535 2584 ox
552 2520 742 2606 apographo
758 2519 911 2584 Gothano
926 2519 1096 2584 recensuit
1112 2516 1247 2603 (Lipsiae

122 2623 229 2709 1822).
284 2623 406 2687 Postea
441 2623 544 2692 Imm.
576 2624 785 2689 Bekkerus
820 2625 853 2687 in
889 2643 1024 2708 corpore
1062 2622 1248 2708 seriptomm

118 2726 273 2791 historiae
298 2727 500 2811 Byzantinae
534 2727 684 2810 (Bonnae
712 2727 806 2812 1837)
839 2720 978 2812 magnad
1008 2726 1174 2791 eeclesiae
1200 2724 1249 2789 de·

123 2832 331 2917 scriptionem
356 2836 389 2894 et
405 2832 552 2896 ambonis
569 2831 681 2912 edidit,
705 2833 798 2895 cuius
823 2832 856 2895 in
874 2831 1032 2915 adparatu
1049 2831 1163 2895 critico
1182 2847 1250 2894 sanc

123 2936 201 2997 exili
236 2934 350 3020 paucis
384 2935 464 2997 locis
500 2936 658 2999 lectiones
694 2936 813 2999 codicis
847 2934 987 2999 Palatini
1022 2957 1042 2997 a
1075 2932 1251 2998 Niebuhric

122 3036 261 3122 inspecti
286 3038 434 3102 adiectae
459 3044 544 3103 sunt.
591 3039 656 3103 Sed
680 3060 743 3102 nen
760 3039 997 3103 accuratiorem
1020 3037 1099 3101 huic
1114 3035 1253 3123 poemati

121 3161 218 3224 quam
258 3141 376 3204 ceteris
414 3140 671 3226 Byzantinorum
715 3143 845 3227 scriptis
884 3163 1017 3228 operam
1055 3141 1253 3227 impendisse

121 3244 250 3307 videtur
279 3245 328 3307 vir
355 3243 477 3309 dectus.
533 3244 648 3330 Itaque
683 3266 768 3308 nova
803 3246 949 3332 profecto
987 3244 1131 3309 editione
1165 3242 1255 3309 Pauli

122 3347 300 3411 Silentiarii
327 3346 504 3434 descriptio
537 3371 603 3413 non
629 3352 736 3413 minus
765 3350 864 3434 digna
893 3356 960 3429 est,
996 3370 1095 3434 quam
1124 3348 1255 3414 Ioannis

121 3449 245 3515 Gazaei
275 3474 423 3534 carmen,
455 3453 541 3538 quod
567 3475 671 3540 nuper
695 3455 880 3539 accepimus
903 3452 1047 3538 Eugenii
1070 3453 1157 3517 Abel
1183 3472 1257 3518 cara

121 3553 280 3638 (Berelini
303 3558 407 3639 1882),
425 3558 479 3642 qui
496 3558 555 3622 sub
572 3563 666 3622 textu
681 3558 789 3621 Nonni
805 3578 932 3641 quoque
949 3577 1062 3620 versus
1079 3557 1121 3621 ab
1134 3555 1256 3622 Ioanne

121 3658 301 3722 imitatione
326 3680 499 3744 expressos
524 3662 671 3746 collegit,
702 3682 897 3747 quamquam
919 3660 1060 3723 fortasse
1082 3661 1117 3724 in
1139 3660 1204 3725 hac
1226 3680 1258 3723 re

120 3762 242 3848 largior
265 3783 337 3826 esse
360 3764 478 3846 potnit.
523 3765 702 3829 Praeterea
725 3765 877 3829 carminis
900 3763 1030 3827 Paulini
1053 3770 1165 3849 partes
1192 3787 1258 3845 eas,

122 3867 241 3952 quibus
266 3867 307 3932 de
331 3867 401 3953 ipso
426 3867 574 3933 aedificio
599 3870 716 3954 agitur,
740 3868 994 3933 Kortuemius
1011 3869 1032 3932 l.
1049 3869 1071 3931 l.
1095 3874 1130 3933 et
1153 3874 1258 3934 trans-

121 3969 197 4033 tulit
219 3970 353 4034 metrice
377 3971 411 4033 in
434 3973 644 4035 vernaculum
670 3992 854 4036 sermonem
871 3977 904 4036 et
921 3972 1260 4038 commentatiunculis

122 4073 259 4139 ornavit.
301 4073 419 4138 Totum
436 4080 545 4139 autem
556 4097 676 4162 poema
689 4075 835 4160 pedestri
848 4096 999 4139 sermone
1012 4074 1110 4138 vertit
1122 4074 1260 4141 Ioann.

121 4176 199 4242 Iac.
228 4175 425 4243 Kreutaer
463 4179 609 4266 (Lipsiae
643 4178 754 4265 1875),
787 4180 843 4264 qui
875 4179 1039 4243 nonnullis
1073 4180 1155 4244 loeis
1195 4203 1261 4247 non

121 4279 251 4363 iniuria,
274 4288 311 4346 ut
334 4283 485 4367 equidem
509 4283 669 4361 existimo,
692 4280 876 4346 Kortucmii
900 4283 1071 4367 opiniones
1093 4283 1261 4350 refutarit.

122 4381 272 4469 Denique
297 4385 500 4450 coniecturas
528 4405 592 4449 non
620 4386 666 4449 ita
687 4385 807 4449 multas
832 4385 890 4450 sed
913 4384 1000 4449 haud
1023 4384 1261 4470 improbabiles
