2774 4724
538 327 750 389 ..85-

80 491 245 557 cuiusdam
262 515 337 558 esse
354 495 536 562 existiman.
574 495 632 560 Eis
649 497 746 578 enim,
765 519 846 582 quos
864 498 969 580 attuli,
985 500 1064 563 locis
1080 500 1212 581 Paulus,

79 596 136 681 qui
171 599 290 663 aetatis
324 600 511 684 opinionem
548 607 681 665 secutus
715 608 818 666 artem
851 603 1019 666 metricam
1054 624 1213 666 summam

77 721 186 765 rerum
209 701 332 783 habuit,
357 703 411 766 cui
433 725 486 768 res
510 704 581 788 ipsa
596 703 786 768 subicienda
809 711 905 784 esset,
928 711 1095 790 tamquam
1115 705 1212 770 disci-

72 803 175 889 pulus
190 802 319 874 videtur
340 804 423 869 adeo
446 805 573 872 vinctus
595 806 718 889 regulis
738 807 896 891 magistri,
919 812 956 870 ut
977 807 1121 873 nondum
1141 831 1213 874 eam

75 906 254 972 adsecutus
286 909 329 972 sit
356 909 569 994 elegantiam,
599 929 683 994 quae
708 930 834 974 summa
856 909 1030 975 formarum
1054 912 1213 976 varietate

75 1011 222 1077 excellit.
268 1011 303 1076 Si
332 1017 443 1077 autem
470 1002 536 1076 hoo'
563 1013 741 1082 maximum
763 1013 889 1077 formae
912 1015 1099 1100 imperium,
1127 1016 1214 1100 quod

74 1117 222 1181 omniurn
244 1122 415 1203 poetarum
435 1115 680 1180 Nonnianorum
704 1117 867 1202 proprium
892 1123 950 1198 est,
975 1119 1022 1182 eis
1040 1140 1212 1201 conoesse-

71 1221 188 1301 rimns,
210 1219 315 1287 Paulo
330 1219 433 1284 ,modo
456 1220 595 1284 anobis
610 1221 794 1306 vituperato
817 1242 881 1284 non
897 1222 1003 1286 minus
1021 1244 1118 1307 quam
1142 1222 1214 1286 aliis

72 1325 206 1390 illorum
231 1329 414 1409 temporum
437 1324 543 1408 poetis
567 1323 629 1387 hoo
646 1323 776 1408 quidem
792 1325 898 1389 laudis
915 1326 1012 1390 tribui
1029 1322 1214 1410 probabunt

71 1429 126 1494 illi
148 1429 210 1492 viri
234 1428 331 1510 docti,
356 1430 410 1513 qui
433 1449 508 1494 eum
530 1428 619 1493 lectu
640 1427 774 1513 dignum
790 1429 989 1514 putaverint:
1013 1429 1213 1515 Perpolitam

71 1533 216 1597 formam
228 1532 407 1611 metricam,
425 1552 490 1616 qua
506 1552 585 1595 sane
603 1531 753 1595 volubilis
771 1531 911 1596 efficitur
926 1553 1079 1596 versuum
1095 1533 1213 1613 fluxus,

71 1657 144 1700 non
167 1651 301 1721 parvam
324 1636 483 1721 praebere
506 1634 751 1699 iucunditatem.

152 1858 176 1878 κ
392 1823 903 1910 Deprooemiisiambicis.

164 1943 350 2025 Postremo,
374 1944 611 2031 adpendiculae
634 1945 716 2025 loco,
740 1945 897 2008 nonnulla
919 1946 1021 2009 verba
1037 1946 1158 2011 addere
1182 1948 1214 2010 in

76 2048 189 2114 animo
216 2054 269 2113 est
298 2048 339 2112 de
370 2054 440 2113 arte
463 2049 616 2125 metrica,
639 2068 703 2131 qua
725 2047 847 2110 Paulus
869 2069 949 2111 usus
973 2056 1024 2112 est
1045 2050 1078 2112 in
1101 2050 1211 2113 trime-

75 2151 138 2217 tris
161 2150 321 2226 iambicis,
345 2151 400 2235 qui
424 2151 559 2235 singulis
582 2149 674 2213 libris
697 2151 870 2235 praemissi
894 2156 979 2216 sunt.
1022 2208 1026 2212 .

164 2253 290 2327 Quibus
322 2258 451 2320 tantum
483 2253 592 2328 abest,
628 2259 664 2314 ut
698 2257 797 2337 poeta
830 2253 969 2317 eandem
1006 2255 1215 2319 severitatem

75 2355 298 2443 praestiterit,
328 2377 395 2441 qua·
420 2356 451 2419 in
483 2356 555 2441 ipsa
586 2354 804 2439 descriptione
834 2356 1036 2436 excellebat,
1062 2363 1098 2420 ut
1120 2358 1214 2422 valde

77 2461 207 2526 alienus
229 2479 250 2521 a
272 2459 471 2542 tragicorum
500 2463 570 2522 arte
595 2478 706 2521 omnes
732 2458 927 2522 comicorum
951 2460 1101 2524 licentias
1123 2461 1214 2524 rece-

75 2565 174 2651 perit.
204 2562 306 2637 ‘Quin
330 2563 427 2627 etiam
451 2562 544 2625 auxit
568 2583 624 2626 eas
647 2582 744 2625 versu
770 2565 808 2626 17
831 2563 1044 2648 praefationis
1068 2565 1130 2645 IL,
1159 2565 1216 2628 ubi
1313 2619 1317 2623 .

75 2669 185 2754 quarti
207 2666 308 2732 iambi
330 2666 401 2730 loco
426 2665 590 2751 spondeus
614 2664 812 2728 admittitur:
849 2722 853 2727 .

319 2763 376 2835 adv
397 2763 497 2857 ἥλιον,
510 2765 570 2851 μὲν
593 2760 777 2833 ἀνατέλλειν
799 2765 832 2832 ἐν
853 2765 966 2855 ἡμέρᾳ,

75 2895 176 2959 quem
198 2873 393 2938 infinitivum
415 2872 597 2957 praesentis
622 2892 663 2935 ne
680 2871 890 2954 corrigamus,
915 2872 1033 2937 ceteris
1049 2870 1216 2934 infinitivis

77 2977 246 3063 sequentis
269 2996 384 3040 versus
408 2974 632 3060 prohibemur:

180 3073 219 3145 τὸ
243 3079 315 3166 φῶς
336 3101 372 3143 τε
393 3073 547 3160 λάμπειν,
571 3071 648 3155 τοὺς
669 3071 785 3162 λόγους
808 3074 836 3140 δ’
863 3067 947 3141 εἶναι
969 3070 1093 3161 λόγους.

167 3183 374 3247 Oomioorum
397 3186 506 3245 autem
530 3180 680 3244 licentias
703 3186 879 3266 usurpatas
903 3180 1050 3244 videmus
1075 3181 1108 3244 in
1131 3202 1218 3244 com·

77 3286 226 3373 pluribus
249 3284 417 3365 versibus,
441 3284 474 3347 in
507 3285 624 3368 quibus
652 3284 833 3348 iamborum
856 3305 946 3347 arses
970 3284 1139 3348 solvuntur
1161 3289 1218 3347 aut

78 3390 250 3475 anapaesti
278 3409 336 3475 pro
365 3387 481 3452 iambis
506 3387 711 3452 adhibentur.
755 3386 872 3471 Neque
897 3389 984 3451 enim
1006 3387 1058 3450 his
1081 3388 1215 3451 solutio-

78 3494 175 3559 nibus
206 3493 322 3578 tragici
346 3498 470 3577 ¹poetae
499 3491 678 3560 utebantur
711 3490 772 3554 nisi
806 3491 839 3553 in
868 3491 1012 3575 ipsorum
1042 3488 1217 3553 verborum

79 3597 195 3683 primis
219 3595 364 3680 syllabis,
388 3601 444 3658 aut
469 3594 496 3671 si
519 3594 606 3680 prior
628 3593 736 3658 brevis
759 3593 984 3679 monosyllabo
1005 3593 1217 3657 efficiebatur.

78 3699 179 3784 Apud
201 3699 341 3762 Paulum
371 3702 481 3760 autem
509 3717 574 3760 non
603 3719 691 3778 raro,
722 3698 812 3762 velut
841 3697 928 3783 apud
952 3697 1106 3775 comicos,
1130 3696 1219 3780 prior

79 3801 190 3867 brevis
221 3801 255 3865 in
281 3800 398 3864 ultima
425 3799 551 3885 syllaba
574 3799 667 3864 verbi
690 3802 831 3887 plurium
854 3801 1052 3886 syllabarum
1078 3798 1218 3885 ponitur.

81 3906 134 3971 cf.
149 3903 283 3991 paeri
299 3908 332 3967 u
350 3887 654 3991 coarctatam.
669 3904 686 3966 1
701 3905 749 3970 rs.
766 3906 817 3969 sl.
833 3903 868 3967 n
882 3907 933 3970 32.
957 3904 1006 3968 rv
1023 3904 1058 3988 (r.
1075 3925 1103 3966 θ.
1117 3898 1218 3986 amb.)

81 4012 134 4072 20.
158 4011 210 4074 25.
254 4009 325 4073 Nec
359 4010 464 4075 minus
495 4010 648 4074 abhorret
679 4012 778 4093 poeta
810 3996 1049 4091 stragicorum
1073 4026 1134 4069 usu
1157 4004 1219 4068 hac
1302 4077 1306 4084 ,

81 4112 246 4176 solutione
271 4112 304 4174 in
327 4112 445 4176 mediis
469 4111 561 4176 verbi
584 4110 721 4196 syllabis
744 4110 868 4195 posita,
902 4109 934 4173 id
958 4108 1044 4193 quod
1067 4114 1118 4173 ter
1140 4108 1219 4173 feeit

81 4215 117 4278 in
138 4213 250 4279 verbo*
263 4209 426 4298 βασιλεύς.
450 4215 520 4278 112
543 4212 718 4299 βασῖλέως.
742 4217 792 4277 54.
816 4212 902 4275 Ι55.

171 4317 210 4380 In
232 4319 421 4403 anapaestis
437 4339 566 4403 quoque
583 4315 775 4381 adhibendis
795 4315 978 4379 liberrimae
1001 4316 1093 4400 leges
1117 4317 1218 4380 comi-

80 4442 195 4488 corum
217 4421 341 4488 Paulus
364 4421 406 4485 ad
421 4422 613 4486 imitandum
630 4422 695 4488 sibi
708 4421 896 4509 proposuit.
930 4419 1032 4484 bam
1040 4437 1119 4479 non
1128 4418 1249 4476 smum
