2774 4724
637 335 848 394 ..50-

263 505 424 570 Adhibuit
446 505 569 569 Paulus
594 502 767 590 spondeos,
791 509 827 565 ut
851 500 950 565 ceteri
971 496 1148 575 Nonniani,
1174 495 1208 557 in
1230 493 1315 578 pede

177 610 220 675 ΙΙ.
246 616 279 674 61
300 610 370 690 lv,
394 610 499 674 rarius
522 609 557 672 in
579 607 663 693 pede
686 606 713 672 Ι.

266 713 333 777 Sed
349 714 448 778 etiam
471 733 551 777 6666
574 709 864 775 vocabulorum
888 704 1200 792 spondaicorum
1220 701 1315 765 certis

179 819 326 883 terminis
349 819 503 882 definitus
535 824 600 895 est,
633 815 725 878 cuius
754 816 846 896 leges
878 811 958 875 alias
986 809 1050 874 iam
1081 806 1316 871 aWernickio

179 930 212 987 et
235 924 479 988 aVolkmanno
494 918 693 1004 (Merkelio),
718 919 799 980 61166
823 914 995 979 aTiedkio
1019 919 1052 977 et
1070 911 1316 995 Baumgarteno

181 1028 376 1091 constitutas
406 1031 494 1090 recte
525 1024 659 1107 collegit
687 1028 785 1106 atque
809 1019 949 1083 dilucide
974 1016 1139 1102 expressit
1163 1015 1317 1100 Meyerus

179 1130 253 1214 (1.1.
271 1153 302 1215 p.
321 1128 429 1213 1010).
484 1127 595 1191 Etiam
626 1126 747 1189 Paulus
781 1145 891 1188 earum
926 1121 1081 1208 plurimas
1117 1120 1317 1183 observavit.

179 1234 352 1319 Explere
376 1232 495 1318 pedem
511 1233 611 1297 verbo
629 1231 806 1317 spondaico
826 1251 892 1294 non
915 1231 991 1293 licet
1013 1228 1076 1290 nisi
1098 1228 1131 1290 in
1156 1226 1263 1311 primo
1287 1231 1319 1289 61

182 1336 266 1422 pede
289 1341 466 1422 postremo.
512 1336 586 1409 Qua
609 1336 650 1400 ab
674 1334 789 1419 regula
812 1335 914 1397 semel
938 1330 1147 1396 recedentem
1168 1329 1318 1393 videmus

181 1440 322 1504 Paulum
344 1441 377 1503 in
400 1440 486 1505 amb.
509 1461 539 1505 v.
559 1442 620 1508 181,
643 1460 741 1523 supra
764 1441 958 1501 memorato:

288 1554 381 1625 τόνδε
403 1553 465 1644 γὰρ
488 1553 581 1624 οὕτω
603 1559 707 1642 χῶρον
729 1551 895 1644 ἑφήμισαν
918 1548 1067 1640 ἀμβατὸν
1090 1547 1222 1637 οἷ’μαις·

180 1680 371 1763 Hilbergius
389 1679 423 1762 (l.
440 1681 460 1744 l.
473 1702 505 1765 p.
522 1683 594 1759 161)
610 1679 695 1743 hanc
712 1680 877 1742 licentiam
896 1678 965 1762 pati
981 1697 1046 1740 non
1063 1677 1142 1754 vult,
1159 1675 1218 1739 sed
1235 1675 1319 1738 huno

183 1785 291 1848 locum
311 1788 416 1846 mutat
438 1783 471 1846 in
493 1777 579 1848 τόνδ’
604 1777 688 1848 οὕτω
711 1777 772 1868 γὰρ
795 1781 913 1865 χῶρον,
944 1802 1007 1865 qua
1032 1801 1073 1844 ex
1092 1779 1320 1844 emendatione

183 1908 248 1958 non
270 1887 356 1950 bene
381 1887 511 1950 novisse
535 1887 640 1949 virum
653 1885 786 1950 doctum
800 1885 896 1949 Pauli
917 1885 1010 1969 leges
1033 1884 1187 1947 metricas
1205 1889 1320 1969 sponte

182 1997 328 2074 apparet.
382 1989 498 2072 Neque
527 1990 611 2052 enim
635 2011 788 2074 umquam
816 1989 938 2052 Paulus
968 1988 1048 2051 duos
1073 1986 1240 2071 spondeos
1265 1986 1320 2050 ad-

183 2093 271 2156 misit
289 2092 466 2156 continnos.
511 2091 585 2156 Hac
608 2092 648 2156 de
667 2114 766 2156 causa
782 2092 880 2156 etiam
898 2091 1132 2155 Scheindlerus
1150 2089 1274 2176 (Ziela.
1297 2088 1320 2168 f.

182 2200 208 2258 ὃ.
235 2194 275 2260 G.
307 2196 398 2275 1879,
425 2216 456 2279 p.
480 2193 556 2278 439)
588 2194 751 2279 Hilbergii
780 2195 1002 2260 coniecturam
1031 2193 1170 2274 refutat,
1201 2194 1260 2258 scd
1290 2200 1323 2257 61

181 2299 252 2384 ipse
280 2299 468 2362 memoriam
496 2299 617 2362 1661611
647 2300 779 2362 mavult.
824 2296 912 2360 Mihi·
938 2297 1070 2382 quidem
1099 2297 1236 2361 licentia
1266 2299 1323 2360 illa

183 2422 249 2465 non
271 2406 363 2465 tanta
385 2400 523 2480 videtur,
548 2422 630 2485 quae
653 2403 790 2465 eiciatur
813 2424 830 2466 e
852 2402 948 2465 Pauli
966 2402 1117 2465 carmine.
1164 2401 1322 2465 Fortasse

185 2505 370 2590 persimiles
394 2503 529 2567 Homeri
551 2506 615 2569 loci
639 2505 700 2570 hac
728 2507 761 2569 in
785 2527 819 2570 16
844 2505 980 2569 tutanda
1003 2506 1096 2590 quasi
1110 2507 1244 2590 patroni
1266 2504 1322 2568 ad-

117 2661 120 2668 .
185 2629 259 2673 esso
278 2615 425 2695 possunt,
449 2630 585 2693 quorum
603 2609 716 2675 decem
732 2611 872 2696 repperi.
911 2608 960 2674 Of.
984 2608 1096 2679 Ξ366
1125 2602 1197 2674 ἀλλ’
1224 2602 1241 2674 ὃ
1265 2607 1324 2692 μὲν

188 2706 273 2777 οὕτω
296 2706 388 2798 φησί.
425 2711 519 2775 1348
541 2712 639 2777 τοῦτο
671 2710 731 2796 μὲν
754 2708 848 2778 οὕτω.
878 2716 964 2797 pst
994 2713 1099 2778 ταῦτα
1130 2711 1191 2796 μὲν
1227 2706 1322 2777 οὕτω.

187 2815 294 2879 11485.
320 2822 381 2880 etc.

273 2919 402 2981 Primus
431 2918 518 2981 enim
541 2917 753 2984 Wcrnickius
765 2920 792 3006 1)
827 2921 911 2985 hanc
938 2924 1045 3007 legem
1069 2923 1115 2985 ita
1138 2923 1323 2986 constituit:

188 3023 241 3103 „in
265 3021 326 3085 hac
343 3022 421 3085 sede
442 3023 500 3103 (66.
516 3021 575 3105 ΙΙ.)
600 3023 761 3108 spondeus
785 3025 985 3110 repudiatur,
1009 3047 1107 3110 quem
1124 3024 1190 3090 du·
1210 3046 1323 3089 mono-

188 3125 316 3210 syllaba
340 3125 484 3189 efficiunt
507 3131 685 3190 autunum
708 3129 901 3193 vocabulum
923 3127 1197 3216 bisyllabum”²);
1227 3150 1324 3214 quam

189 3227 297 3312 legem
320 3229 458 3314 probare
480 3229 582 3292 noluit
598 3228 860 3315 Baumgartenus
874 3232 908 3314 3).
953 3232 1056 3296 161616
1078 3253 1155 3296 vero
1180 3233 1228 3295 sio
1252 3253 1325 3296 eam

189 3333 415 3395 commutavit:
432 3354 608 3417 numquam
621 3334 797 3398 admissam
813 3357 886 3401 esse
901 3343 976 3422 post
988 3338 1126 3400 alterum
1146 3336 1325 3421 spondeum

188 3436 364 3518 diaeresin,
387 3459 428 3502 ne
453 3458 568 3502 versus
584 3437 778 3504 tardaretur.
825 3440 891 3505 Sed
911 3462 1106 3526 quamquam
1131 3440 1220 3504 haud
1243 3441 1326 3503 mul-

191 3545 260 3605 tum
296 3540 411 3620 refert,
446 3547 556 3604 tamen
590 3541 686 3605 aliter
714 3544 961 3627 exprimendam
995 3567 1069 3609 6666
1102 3543 1187 3608 hanc
1217 3544 1326 3628 legem

191 3649 269 3728 puto
305 3643 485 3707 coniunctis
520 3643 645 3707 duobus
683 3647 879 3731 praeceptis.
934 3647 1051 3732 Neque
1087 3648 1176 3712 enim
1210 3669 1326 3711 versus

189 3745 312 3809 tardari
335 3746 414 3809 mihi
437 3746 575 3826 videtur,
601 3748 629 3809 si
651 3755 725 3832 post
749 3750 926 3813 secundum
943 3750 1123 3836 spondeum
1148 3756 1214 3814 6161
1236 3751 1326 3813 11166-

190 3850 287 3929 16616,
318 3870 401 3933 quae
430 3848 595 3913 interdum
623 3850 685 3914 hoc
716 3853 786 3916 loco
819 3855 949 3938 ponitur
978 3855 1032 3939 (cf.
1056 3854 1147 3918 Paul.
1171 3853 1245 3918 123
1269 3851 1327 3918 καὶ

190 3946 250 4038 γὰρ
265 3945 370 4030 'uvat
386 3944 423 4018 od
439 3952 568 4035 μοῦνον.
592 3951 608 4014 Ι
625 3956 675 4017 95.
695 3958 754 4020 136
773 3962 833 4021 eto.
858 3964 914 4020 661
931 3957 1093 4023 0111161611.
1109 3963 1136 4021 1.
1148 3960 1221 4022 307.
1239 3958 1328 4043 403),

280 4172 300 4239 ¹)
319 4170 363 4224 Ad
376 4171 471 4241 Triph.
491 4192 518 4243 p.
531 4176 571 4230 39.
609 4176 647 4231 of.
667 4178 753 4231 etiam
770 4178 867 4232 Tiedk.
886 4197 932 4247 qu.
949 4180 1040 4234 Noun.
1051 4195 1123 4248 spec.
1136 4179 1176 4248 15
1189 4180 1214 4232 4.

210 4341 224 4358 υ
280 4257 360 4358 21111.
379 4258 457 4314 Paul.
477 4261 576 4316 Horo:
591 4262 734 4332 τλήμονες,
757 4267 784 4317 οἳ
805 4265 846 4335 μή
862 4265 944 4336 χεῖρα
968 4270 997 4319 61
1014 4265 1086 4319 amb.
1105 4265 1154 4319 181
1174 4264 1258 4321 τόνδε
1275 4269 1330 4338 γὰρ

192 4360 262 4396 ουτω
277 4360 380 4415 χωρον.

272 4429 293 4498 6
311 4429 330 4483 r.
348 4429 367 4485 1.
385 4432 471 4502 aaa
