2774 4724
576 283 789 341 „45-

120 484 159 495 -
180 447 236 512 Sin
260 455 372 514 autem
399 451 495 534 longo
518 451 746 535 monosyllabo
770 445 850 533 (καί,
872 445 923 531 οὗ,
946 445 1003 539 μή,
1027 443 1063 539 ἥ)
1086 450 1249 536 hephthe-

119 552 266 616 mimeres
282 553 448 616 antecedit
465 553 533 636 (21)
553 573 682 637 semper
697 554 866 637 praevalet
883 554 938 616 illa
960 559 1036 616 ante
1052 553 1250 627 bucolicam;

118 655 148 719 in
162 655 338 720 'lversibus
350 655 612 740 interpunctione
626 677 755 741 quoque
768 657 949 741 seiungitur
960 677 979 718 a
991 656 1075 720 thesi
1089 662 1204 740 quarta
1213 655 1250 740 ¹).

199 777 270 841 Iam
302 778 449 843 venimus
484 778 525 842 ad
553 778 695 862 reliquas
724 777 907 842 hexametri
937 777 1131 856 incisiones,
1167 798 1250 861 quae

116 901 179 944 non
201 881 411 946 inveniuntur
433 882 467 945 in
489 882 628 955 tabella3
652 889 750 966 atque
774 882 912 966 primum
936 880 1067 965 quidem

200 1007 228 1051 a.
252 985 293 1051 de
317 985 501 1050 caesuris
525 985 747 1050 trochaicis
771 985 970 1065 disserimus,
988 1004 1123 1068 quarum
1147 983 1249 1046 usita-

114 1089 237 1153 tissima
269 1095 318 1155 est
346 1089 430 1175 apud
454 1090 593 1153 Paulum
618 1111 752 1154 caesura
774 1084 859 1154 κατὰ
882 1086 1066 1172 πέμπτον
1087 1087 1248 1171 τροχαῖον.

115 1191 250 1278 Propter
285 1193 504 1279 frequentiam
542 1194 570 1258 ei
612 1193 702 1256 loeus
737 1200 810 1278 post
843 1193 1025 1256 bucolicam
1058 1189 1250 1255 tribuendus

115 1303 214 1378 esset,
237 1297 265 1360 si
288 1318 403 1360 sensus
419 1317 573 1361 versuum
597 1296 768 1360 citantem
789 1296 969 1381 impertiret
992 1299 1067 1374 vim,
1092 1298 1246 1378 quantam

115 1400 292 1465 bucolioae.
343 1399 438 1473 Quod
464 1421 506 1464 ne
533 1399 604 1480 fiat,
632 1400 701 1484 ipso
730 1420 826 1464 versu
856 1399 897 1463 ad
925 1400 1024 1463 finem
1047 1400 1245 1483 properante

114 1508 250 1582 vetatur,
275 1523 372 1588 quem
388 1503 539 1587 graviore
556 1503 715 1567 incisione
737 1509 811 1587 post
827 1503 1007 1567 bucolicam
1024 1502 1132 1586 posita
1148 1501 1246 1564 vehe-

114 1607 254 1670 mentius
283 1607 476 1692 interrumpi
504 1606 676 1672 eonecdes.
728 1606 785 1669 Eis
816 1612 941 1670 tantum
965 1606 997 1669 in
1020 1604 1184 1684 versibus,
1216 1605 1249 1667 in

115 1709 229 1793 quibus
258 1708 352 1794 pedis
390 1707 452 1773 ΙΙΙ.
483 1729 653 1773 caesuram
687 1714 743 1772 aut
771 1708 983 1788 vocabulum,
1019 1705 1104 1791 quod
1137 1707 1249 1792 plures

116 1833 210 1897 quam
226 1818 379 1897 quattuor
394 1811 495 1876 habet
517 1811 658 1897 syllabas
683 1813 737 1893 (ef.
759 1812 775 1875 I
794 1814 810 1873 7
828 1807 1072 1900 ἐπαυχήσαντες
1087 1803 1248 1894 ἀέθλοις),

117 1920 171 1978 aut
200 1916 463 2001 monosyllabum
493 1936 565 1978 cum
594 1915 652 1978 tali
679 1915 838 1979 vocabulo
868 1916 1074 1979 coniunctum
1103 1915 1250 1999 sequitur

118 2017 200 2103 (etl
218 2022 255 2083 17
269 2015 477 2106 φαεινοτέρην
487 2039 523 2083 σε
533 2013 711 2104 τεκούσης),
728 2018 821 2103 pedis
836 2019 874 2083 V.
893 2039 1048 2083 caesurae
1064 2018 1248 2082 trochaicae

118 2122 180 2186 vim
212 2123 376 2207 quandam
409 2123 598 2187 tribuamus.
655 2121 747 2185 Idem
777 2121 827 2200 fit,
861 2123 887 2184 si
911 2122 992 2186 haee
1016 2142 1152 2185 caesura
1174 2128 1249 2206 post

119 2227 374 2313 monosyllabum
411 2227 569 2290 vocabulo
604 2226 742 2310 plurium
775 2225 972 2310 syllabarum
1007 2232 1076 2288 arte
1105 2224 1247 2288 adfixum

122 2334 194 2410 stat,
220 2331 325 2394 veluti
355 2336 429 2416 post
451 2325 511 2410 τίς,
535 2326 580 2408 δέ,
604 2325 672 2412 μέν,
696 2320 757 2414 γάρ
782 2328 926 2393 voculas.
972 2327 1020 2391 ef.
1045 2327 1118 2392 128
1142 2325 1248 2392 ἐπασ-

123 2430 259 2516 συτέροις
282 2431 318 2499 δὲ
340 2429 516 2518 βελέμνοις.
564 2431 630 2497 Sed
660 2433 853 2517 saepissime
877 2453 916 2496 ea
939 2438 995 2496 aut
1018 2432 1170 2496 bucolica
1193 2438 1249 2495 aut

124 2536 383 2622 semiseptenaria
417 2538 545 2599 omnino
576 2536 777 2600 obscuratur.
813 2574 848 2581 -
880 2536 998 2600 Rarior
1037 2557 1133 2621 quam
1166 2536 1248 2598 haec

125 2656 247 2703 caesura
282 2639 340 2705 sed
374 2638 475 2703 multo
510 2639 634 2702 maiore
668 2639 813 2724 pondere
848 2639 995 2724 praedita
1030 2646 1080 2703 est
1111 2660 1249 2702 caesura

124 2736 199 2806 κατὰ
220 2743 382 2826 πρῶτον
404 2745 565 2827 τροχαῖον.
614 2742 697 2815 Nam
722 2763 882 2828 persaepe
908 2764 1007 2807 sensu
1030 2743 1130 2807 civis
1154 2741 1245 2804 adiu-

127 2840 237 2908 dicatur
260 2847 359 2909 etiam
376 2846 637 2930 interpunctione
654 2847 837 2929 conspicua,
861 2847 1036 2932 praecipue
1058 2852 1133 2909 onte
1150 2865 1246 2909 voca-

128 2942 194 3011 bula
221 2954 372 3034 quattuor
403 2954 458 3012 aut
487 2950 628 3033 quinque
652 2949 849 3034 syllabarum
879 2950 938 3028 ita,
967 2957 1002 3012 ut
1027 2948 1189 3035 spondeus
1213 2950 1246 3011 in

129 3046 217 3115 altero
231 3053 315 3138 pede
333 3059 407 3132 stet,
431 3052 472 3115 ef.
495 3052 512 3115 I
529 3055 546 3114 7
564 3051 668 3136 deripe,
685 3046 971 3133 πολισσούχοισιν;
996 3053 1022 3114 si
1040 3052 1247 3136 coniungitur

130 3167 191 3214 cum
205 3154 436 3220 trithemimere
460 3161 516 3218 aut
540 3154 680 3218 diaeresi
703 3155 796 3240 pedis
820 3155 862 3235 1.,
886 3155 948 3219 hae
973 3176 1128 3220 caesurae
1152 3177 1245 3240 prae-

129 3253 232 3321 valent.
261 3296 299 3304 -
329 3258 468 3322 Perrara
498 3264 595 3342 atque
624 3263 681 3322 aut
704 3258 938 3322 trithemimere
972 3267 1028 3322 out
1057 3258 1197 3323 diaeresi
1220 3257 1245 3320 I.

132 3375 242 3444 semper
263 3361 333 3426 fere
358 3383 517 3447 oppressa
540 3382 676 3425 caesura
700 3362 867 3426 trochaica
890 3363 980 3447 pedis
1001 3361 1046 3425 II.
1072 3368 1129 3427 est.
1176 3361 1246 3426 Nec

131 3458 239 3545 mimm,
263 3486 338 3528 nam
354 3464 547 3529 hexameter
562 3465 751 3529 incisionem
773 3487 875 3551 prope
900 3467 1092 3530 sollemnem
1115 3467 1246 3530 tertiam

129 3557 203 3628 haud
222 3567 375 3632 lubenter
396 3569 466 3653 pati
488 3568 627 3633 videtur.
672 3568 787 3653 Neque
812 3570 898 3632 enirn
917 3571 1024 3632 minus
1041 3591 1147 3633 raram
1172 3591 1246 3634 esse

130 3664 292 3736 videbimus
317 3671 479 3737 diaeresin
502 3672 596 3758 pedis
619 3672 663 3738 ll.

202 3790 380 3858 (laesuram
401 3793 512 3878 pedis
528 3793 586 3857 IV.
609 3794 821 3870 trochaicam,
845 3817 908 3880 qua
930 3797 1027 3881 plane
1049 3797 1246 3860 abstinuisse

129 3887 299 3960 Nonnianos
322 3896 587 3981 Baumgartenus
617 3899 783 3983 expressis
815 3898 922 3963 verbis
953 3900 1035 3963 dixit
1067 3898 1112 3984 (p.
1129 3902 1180 3979 27,
1205 3900 1245 3965 of.

66 4006 68 4055 t
127 3990 290 4064 Hermann.
308 4022 339 4085 p.
356 3999 444 4083 691),
469 4006 579 4064 tamen
602 4001 633 4063 in
661 4005 698 4064 17
715 4023 766 4066 vv.
787 4001 883 4064 Pauli
906 4003 1016 4066 inveni
1039 4024 1144 4087 neque
1168 4025 1245 4068 vero

66 4172 68 4201 Ι
127 4115 263 4187 unquam
286 4102 354 4167 ulla
377 4103 571 4167 auctoritate
594 4104 791 4188 praeditam;
822 4104 879 4167 sed
903 4111 959 4168 aut
984 4126 1124 4190 sequens
1148 4128 1244 4170 voca-

126 4199 221 4270 bulum
243 4203 305 4290 (dd,
327 4200 388 4287 τίς,
412 4204 485 4291 μέν)
513 4212 580 4271 tam
610 4213 678 4272 arte
703 4228 775 4271 eum
802 4207 1011 4272 antecedenti
1038 4209 1245 4273 coniunctum

197 4396 216 4462 ¹)
234 4393 275 4448 (tf.
293 4393 371 4448 Paul.
389 4394 478 4451 1119:
497 4393 608 4448 τέτλαθι
626 4395 818 4468 παμβασίλεια
834 4395 927 4463 πόλις,
946 4395 987 4466 μὴ
1005 4395 1101 4464 topho
1124 4389 1248 4458 {subtus-
