2774 4724
621 323 836 384 ..70-

157 493 265 557 locum
289 492 379 555 illum
403 491 589 576 explicavit.
636 491 724 555 Dicit
748 493 835 556 enim
858 493 913 575 ille
936 492 969 554 in
987 493 1134 556 oratione
1160 492 1200 557 de
1218 493 1296 578 bap-

158 596 254 659 tismo
286 594 408 658 Christi
439 616 531 659 sacro
561 594 821 680 Epiphaniorum
850 594 903 659 die
931 595 1044 659 habita
1072 616 1111 659 eo
1141 597 1214 682 ipso
1245 597 1297 662 die

160 720 278 784 aquam
298 699 525 762 miraculosam
550 699 682 764 hauriri.
728 698 792 762 Hic
816 705 925 762 autem
949 698 1019 764 dies
1047 700 1152 764 festus
1179 700 1298 765 additis

160 803 267 867 verbis
296 799 373 889 μηνὶ
402 798 613 888 χρυσοχίτωνι
642 806 721 867 satis
745 824 764 866 a
786 802 889 867 Paulo
913 803 1108 884 declaratur,
1133 825 1217 888 quac
1243 826 1300 868 our

160 906 200 970 ad
230 906 417 971 Ianuarium
441 912 642 992 spectarent,
666 906 720 970 Du
744 905 888 990 Oangius
913 907 960 970 sic
983 907 1104 991 optime
1129 909 1297 993 exposuit:

161 1010 256 1090 „huic
286 1016 395 1074 autem
422 1011 528 1074 mensi
557 1010 708 1075 fortassis
731 1008 763 1073 id
788 1010 926 1095 epitheti
949 1009 1060 1074 tribuit
1091 1009 1299 1076 Silentiarius

161 1113 202 1176 ob
219 1133 315 1196 rogas
330 1115 352 1195 ¹)
376 1115 626 1197 magistratuum
650 1119 706 1176 aut
728 1113 826 1178 xenia
850 1118 883 1176 et
907 1118 1046 1193 strenas,
1063 1113 1180 1197 quibus
1197 1113 1298 1178 dona-

161 1217 279 1280 bantur
312 1217 440 1302 ipsique
475 1217 556 1281 adeo
584 1217 767 1302 principes;
800 1216 852 1280 vel
884 1223 972 1280 certe
1002 1216 1078 1301 quia
1110 1237 1149 1281 cc
1185 1239 1299 1283 mense

162 1321 386 1405 magistratum
413 1321 540 1385 inibant
565 1321 717 1385 consules
748 1328 782 1384 et
808 1314 1040 1406 χρυσοχίτωνες
1071 1321 1103 1383 in
1132 1320 1299 1405 publicum

160 1424 392 1510 procedebant.
439 1424 567 1488 Dicitur
587 1425 672 1488 enim
688 1424 860 1488 Ianuarius
883 1417 948 1511 μὴν
970 1416 1137 1491 ὖπάτων.“
1182 1424 1300 1511 Itaque

162 1529 322 1593 servanda
344 1535 418 1592 sunt
441 1529 560 1593 codicis
584 1529 695 1593 verba.

249 1632 398 1698 Alterum
415 1652 544 1718 quoque
557 1629 665 1696 locum
681 1632 865 1712 molestum,
888 1631 905 1694 I
925 1634 987 1695 253
1015 1627 1144 1717 γλυπτοὶ
1167 1629 1300 1719 χρυσεό-

161 1760 293 1816 ascaro,
325 1736 518 1820 Hilbcrgius
549 1736 767 1801 exterminare
799 1756 817 1799 e
846 1742 942 1800 textu
965 1743 1099 1801 conatus
1124 1743 1176 1802 est
1198 1739 1300 1803 inter·

163 1840 249 1904 iacta
263 1837 301 1904 τέ
315 1840 491 1926 particula:
508 1833 637 1924 γλυπτά
650 1862 687 1904 τε
700 1863 748 1924 χρ.
793 1839 991 1904 Rectissime
1014 1845 1124 1904 autem
1142 1840 1301 1906 Schcind-

163 1944 252 2007 lerus
275 1945 294 2007 l.
319 1945 340 2007 l.
371 1948 483 2007 monet
511 1940 548 2008 τὲ
577 1943 725 2007 voculam
757 1948 790 2007 ct
819 1943 949 2009 omniuo
981 1943 1122 2008 alienam
1156 1966 1230 2009 esse
1260 1946 1300 2010 ab

162 2047 249 2111 illius
279 2048 343 2111 loci
374 2052 529 2112 contextu
554 2053 587 2110 et
609 2067 741 2131 perraro
765 2067 839 2111 csse
862 2051 1054 2132 usurpatam
1078 2047 1301 2114 aNonnianis

163 2149 218 2234 (cf.
247 2172 346 2237 supra
375 2174 407 2237 p.
424 2149 490 2236 55).
547 2149 588 2212 In
623 2149 733 2214 codice
770 2156 880 2214 autem
913 2149 1042 2236 pruma
1077 2171 1143 2215 non
1176 2151 1301 2237 γλυπια

163 2254 306 2341 (Graes.)
329 2257 396 2340 legi
414 2255 686 2338 Stadtmucllcrus
709 2249 859 2319 testatur.
905 2253 1011 2327 Quam
1027 2256 1204 2320 lectionem
1228 2278 1301 2321 esse

165 2359 335 2424 tutandam
359 2358 510 2444 equidem
534 2379 663 2424 censeo.
795 2430 811 2443 ,.

250 2464 366 2549 Itaque
402 2460 621 2526 concedamus
643 2461 746 2526 Paulo
776 2461 858 2526 duos
881 2463 985 2543 locos,
1019 2464 1138 2549 quibus
1172 2466 1302 2529 omnino

164 2567 285 2632 defecit
300 2589 320 2630 a
336 2567 493 2631 socictate
507 2587 580 2630 cum
592 2566 829 2652 Panopolitano
847 2567 944 2634 facta.
979 2567 1075 2632 Hanc
1094 2573 1205 2632 autem
1224 2590 1300 2654 pro-

163 2672 350 2736 ductionem
377 2677 515 2756 utroque
536 2672 621 2735 loco
638 2672 672 2735 in
697 2671 800 2757 primo
826 2693 940 2736 versus
961 2672 1062 2758 pede,
1098 2672 1153 2758 qui
1180 2694 1239 2758 per
1267 2694 1302 2737 se

54 2853 57 2857 ἡ
165 2776 285 2840 maiore
314 2776 449 2839 licentia
477 2775 597 2856 utitur,
632 2780 666 2837 et
693 2779 768 2838 ante
799 2775 924 2839 litteras
953 2800 992 2861 χρ
1019 2775 1203 2840 adhibitam
1227 2798 1303 2842 esse

165 2880 470 2944 commemoratione
494 2876 579 2942 haud
603 2876 772 2962 indignum
796 2879 874 2942 mihi
896 2877 1035 2944 videtur.

250 3034 290 3098 Β.
322 3034 361 3097 In
385 3035 422 3118 ip
434 3033 490 3096 sis
514 3031 649 3097 verbis
672 3038 763 3096 muta
779 3038 813 3097 ct
828 3032 951 3117 liquida
965 3032 1162 3118 positionem
1179 3033 1305 3099 faciunt

252 3187 280 3231 a.
306 3166 338 3229 in
361 3165 442 3229 arsi
461 3163 718 3247 uniuscuiusque
731 3161 836 3248 pedis.
870 3163 998 3248 Nempe
1011 3184 1076 3227 non
1093 3163 1305 3249 excipiuntur

166 3268 328 3354 disyllaba
350 3268 417 3333 arsi
438 3266 497 3332 IV.
521 3271 578 3330 aut
606 3270 740 3352 propter
762 3265 898 3330 vitatam
921 3287 1093 3331 caesuram
1116 3266 1220 3332 troch.
1244 3266 1305 3335 IV.

166 3378 223 3438 aut
245 3377 378 3458 propter
400 3368 548 3435 odiosum
572 3376 721 3454 quartum
746 3369 934 3454 spondeum.

251 3502 282 3566 b.
306 3502 338 3565 in
361 3502 467 3566 thesi
490 3505 606 3584 quater
629 3500 715 3585 apud
738 3498 877 3563 Paulum
905 3499 938 3563 in
960 3498 1131 3585 disyllabis
1155 3522 1305 3586 semper-

166 3606 286 3693 quein
316 3604 402 3668 thesi
429 3603 522 3690 pedis
544 3603 590 3669 ΙΙ.
634 3601 796 3675 Quattuor
825 3603 924 3688 igitur
950 3604 984 3666 in
1006 3603 1155 3668 versibus
1179 3605 1306 3670 recedit

165 3711 221 3775 ille
245 3733 265 3775 a
287 3708 469 3773 Ludwichii
491 3708 566 3792 lege
590 3727 689 3792 supra
712 3711 975 3771 commemorata.

254 3812 300 3876 Ut
323 3812 467 3892 singulos
497 3811 557 3874 hos
581 3809 671 3873 locos
696 3810 944 3895 perlustremus‚
968 3810 1001 3874 in
1023 3832 1053 3875 v.
1077 3809 1191 3874 [1129
1214 3812 1303 3895 posi-

166 3919 290 3981 tionem
312 3917 402 3980 illam
419 3907 601 4000 reperimus
624 3913 656 3977 in
680 3934 759 3978 voce
775 3911 896 4000 πέτρης
914 3909 1135 3999 (Θεσσαλίόος
1149 3910 1303 4000 πέτρης);

165 4157 265 4228 ἡγίασε
284 4157 370 4229 φύσιν
389 4175 395 4188 ·
414 4157 460 4210 διά
478 4173 520 4209 τοι
538 4155 617 4208 τοῦτο
636 4151 682 4206 καὶ
700 4154 730 4207 ἐν
741 4153 911 4225 procvrator
930 4153 1000 4207 κατὰ
1018 4152 1068 4223 τήν
1085 4151 1184 4224 ἑορτήν
1201 4152 1306 4221 ταύτην

167 4243 285 4304 ἅπαντες
302 4243 502 4317 ὑδρευσάμενοι
520 4240 615 4295 οἴκαδε
632 4239 667 4294 rri
685 4238 797 4310 νάματα
815 4236 994 4295 ἀποτίθενται
1011 4241 1066 4295 κτλ.

255 4352 275 4417 ²)
294 4349 391 4418 Rogas
408 4350 474 4402 sunt
486 4345 620 4401 donativa
631 4344 781 4400 honoraria
793 4345 1006 4416 magistratibus
1017 4345 1092 4400 data.
1105 4341 1305 4414 Of.DuCangii

144 4436 235 4504 gloss.
261 4437 319 4503 VH,
331 4454 361 4507 p.
373 4436 437 4492 204.
