2774 4724
586 240 801 302 ..3ss-

226 412 275 498 πῇ
297 409 459 499 φέρομαι,·
481 406 533 488 τίς
554 411 665 494 μῦθον
687 401 858 496 ἀνήρπασε
880 400 1048 492 πλαγκτὸν
1071 398 1173 494 ἀήτης

228 505 347 600 οἷάπερ
370 513 403 579 έν
426 510 621 600 πελέμεσσι,·
643 511 743 597 μέσον
765 508 998 597 παραδέδρομε
1019 511 1099 596 νηοῦ

226 620 330 703 χώραν
351 610 577 702 ὑπερκύδαντα
601 636 609 651 ·
631 611 733 681 πάλιν
754 609 911 701 νόστησον
933 606 1042 702 ἀοιδή.

122 739 225 803 altero
241 739 312 803 loeo
331 736 588 823 (11339)poeta
611 759 646 802 se
670 738 741 822 ipse
764 737 815 800 his
833 736 940 800 verbis
957 735 1101 814 retinuit,
1127 754 1167 796 ne
1190 732 1259 794 lon-

122 842 195 927 gius
218 842 411 927 procederet
434 842 466 904 in
490 839 713 905 describendis
737 839 858 904 sanctis
883 837 1054 902 altaribus:

251 963 300 1048 πῇ
322 959 485 1049 φέρομαι,
508 987 555 1049 πη
578 962 689 1045 μῦθος
711 955 770 1025 ἰών
793 952 945 1041 ἆχάλινος
968 953 1091 1039 ὁδεύει,

250 1058 340 1147 ἴσχεο
362 1059 551 1151 τολμήσασα
572 1058 733 1148 μεμυκόσι
755 1059 860 1146 χείλεϊ
879 1057 997 1151 pand·

250 1169 325 1255 μηδ’
349 1165 398 1234 ἔτι
421 1163 631 1255 γυμνώσειας,
655 1157 678 1232 d
699 1163 745 1256 μὴ
772 1165 878 1251 θέμις,
903 1159 1032 1250 ὄμμασι
1055 1165 1153 1230 λαῶν.

122 1288 247 1361 Quibus
271 1292 350 1355 locis
376 1293 478 1356 oratio
502 1313 540 1356 eo
565 1311 694 1377 quoque
718 1290 856 1354 vividior
879 1290 932 1370 fit,
957 1288 1043 1374 quod
1067 1295 1167 1373 poeta
1189 1289 1258 1374 ipse

121 1415 213 1458 suam
236 1397 454 1460 narrationem
478 1401 534 1459 aut
549 1417 664 1460 vocem
681 1395 774 1480 quasi
790 1415 947 1480 personas
972 1392 1114 1458 adfatur.
1159 1393 1261 1456 Prae-

121 1502 214 1561 terea
244 1503 276 1562 in
306 1500 540 1564 rhetoricarum
571 1499 688 1563 artium
719 1519 855 1562 numero
886 1519 999 1561 omnes
1029 1497 1138 1560 habeo
1162 1496 1261 1576 locos,

121 1602 238 1684 quibus
263 1610 362 1687 poeta
385 1603 417 1667 in
435 1602 542 1667 medio
560 1604 703 1667 carmine
719 1603 949 1687 imperatorem
966 1601 996 1686 (I
1015 1605 1086 1666 149.
1108 1604 1168 1664 169
1186 1597 1261 1684 etc.)

121 1704 173 1768 vel
210 1706 397 1772 sacerdotes
427 1708 559 1792 (11342
582 1709 660 1792 etc.)
690 1707 743 1770 vel
773 1712 922 1771 sanctam
950 1726 1082 1770 crucem
1112 1703 1263 1789 (11322)

122 1806 317 1892 adloquitur.

208 1927 377 2014 Denique,
406 1936 442 1994 ut
471 1929 512 1994 ad
539 1931 636 1994 finem
665 1930 843 2015 perducam
873 1931 956 1995 hanc
986 1929 1264 2008 observationem,

121 2031 218 2094 etiam
236 2033 411 2117 singulis
427 2033 569 2117 figuris
587 2034 807 2099 rhetoricis
820 2034 970 2115 efficitur,
982 2039 1019 2096 ut
1030 2032 1265 2118 descriptionis

122 2136 226 2199 oratio
251 2137 354 2220 magis
379 2144 630 2201 commoveatur.
675 2137 760 2201 Nam
787 2137 837 2200 his
861 2157 988 2222 quoque
1010 2136 1152 2200 Paulum
1175 2134 1264 2199 haud

121 2259 219 2322 parce
242 2260 336 2303 usum
360 2262 435 2305 esse
460 2262 501 2305 ex
525 2242 585 2307 hoc
610 2246 803 2326 conspectu,
833 2241 962 2304 etiamsi
984 2239 1144 2302 nonnulla
1166 2239 1262 2302 dum-

121 2349 214 2406 taxat
231 2345 384 2430 cxampla
398 2347 548 2410 exhiberi
564 2350 713 2430 possunt,
731 2346 812 2409 satis
829 2345 964 2430 patebit.
984 2381 1018 2390 —
1045 2343 1264 2429 Anaphoram

121 2445 302 2509 invenimus
332 2447 392 2526 ita,
422 2455 457 2510 ut
489 2448 609 2532 singuli
638 2469 751 2512 versus
775 2447 900 2512 eisdem
922 2447 1118 2511 incohentur
1141 2448 1266 2529 verbis,

167 2575 197 2636 in
222 2596 272 2637 vv.
296 2574 368 2638 113
386 2596 468 2660 sqq.:
494 2568 552 2657 οὐχ
575 2570 627 2641 ὅτι
651 2571 708 2641 σὸν
731 2570 928 2662 ζυγόδεσμον
952 2614 990 2624 -
1015 2567 1074 2657 οὐχ
1097 2570 1150 2641 ὅτι
1175 2578 1245 2641 σῶν

331 2680 368 2740 16
392 2670 461 2742 ἀλλ’
485 2671 536 2743 ὅτι
561 2673 618 2744 σὸν
640 2675 718 2765 περὶ
742 2679 849 2767 πῆχυν
871 2679 938 2768 ητλ.

206 2787 331 2872 Ι891);
356 2783 428 2854 ὅττι
451 2786 548 2854 σέθεν
571 2784 709 2870 ζώοντος
731 2787 870 2876 έπέχραε
892 2783 1007 2854 κάλλεϊ
1023 2781 1165 2877 Ῥώμης,

236 2894 276 2955 88
305 2886 376 2956 ὅττι
400 2890 498 2957 σέθεν
520 2887 668 2974 ζώοντος,
693 2887 740 2958 ὅτ’
764 2888 900 2979 ἐγγύθεν
922 2889 1011 2957 ἐστὶν
1034 2884 1157 2980 ἆριοηή.

120 3001 213 3065 Ι193
228 3025 294 3087 sq.:
323 2998 447 3089 ἔπρεπε
465 3002 518 3068 σοὶ
538 3005 727 3091 Σκηπτοῦχε
749 3003 958 3090 μενασθενές,
986 2998 1113 3090 ἔπρεπε
1133 2997 1265 3093 Ῥώμη,

221 3101 364 3192 ἔπρεπεν
387 3104 584 3192 ἀμβροσίοιο
607 3108 690 3173 θεοῦ
713 3106 936 3193 προκέλευθον
958 3102 1072 3194 ἑορτῆς
1094 3107 1163 3172 κτλ.

121 3227 161 3292 ef.
179 3226 327 3290 iurator
347 3227 444 3292 ἵλαθι
460 3224 641 3317 τολμήεντι,
654 3225 854 3312 μεγασθενὲς
865 3265 907 3274 -
919 3264 960 3273 —
972 3227 1069 3292 λλαθι
1081 3221 1186 3315 μύθῳ
1203 3237 1266 3295 etc.

207 3338 318 3403 Multis
346 3340 426 3403 locis
456 3339 572 3404 eadem
602 3361 683 3418 vox,
715 3360 799 3424 quae
829 3340 967 3425 primam
997 3360 1112 3404 versus
1145 3343 1266 3408 sedern

121 3442 259 3521 obtinet,
283 3448 358 3528 post
382 3443 546 3509 diaeresin
569 3444 751 3508 bucolicam
776 3444 912 3507 iteratur
922 3444 964 3528 2),
992 3445 1024 3508 id
1048 3445 1135 3529 quod
1159 3450 1265 3514 etiam

119 3548 151 3609 in
176 3547 334 3630 exemplis
358 3547 454 3611 modo
476 3548 611 3632 prolatis
635 3548 835 3621 invenimus3
860 3547 962 3611 addas

163 3668 253 3732 118:
277 3661 387 3747 εἴξατέ
407 3693 466 3752 μοι
485 3662 615 3757 Ῥώμης
636 3664 883 3750 Καπετιολίδες,
908 3663 1016 3749 εἴξατε
1038 3670 1160 3759 φῆμαι.

208 3903 228 3969 ¹)
250 3902 364 3956 Versum
383 3902 417 3954 89
435 3902 663 3970 anteponendum
688 3918 745 3955 esse
766 3919 792 3955 v.
804 3903 838 3957 88
858 3902 1018 3972 Spitanerus
1037 3902 1054 3956 1.
1068 3901 1087 3956 1.
1105 3902 1178 3957 mihi
1198 3924 1265 3976 per-

119 3987 221 4054 suasit,
246 3988 276 4041 in
295 3989 353 4043 cod.
373 3990 467 4042 autem
486 3987 544 4040 Pal.
564 3987 645 4041 illum
662 3989 824 4042 correctoris
842 4007 926 4044 manu
946 3989 975 4042 in
992 3990 1120 4059 margine
1139 3990 1265 4064 inscrip-

118 4076 178 4128 tum
198 4090 256 4128 esse
274 4074 507 4130 Stadtmucllerus
525 4091 570 4128 me
590 4075 692 4129 docuit.

206 4179 228 4244 ²)
247 4177 307 4232 Hoc
325 4178 359 4232 de
378 4197 438 4244 usu,
457 4177 506 4247 qui
524 4178 645 4232 maxime
662 4178 754 4233 valuit
776 4179 805 4233 in
826 4179 1012 4234 bucolicorum
1030 4182 1178 4249 poetarum
1199 4201 1265 4238 ver·

119 4261 203 4327 sibus,
222 4261 255 4315 cf.
274 4261 367 4317 Herm.
382 4262 528 4317 Fritzschii
548 4261 786 4329 dissertationem,
809 4282 893 4332 quam
912 4264 1054 4335 inscripsit
1071 4267 1115 4319 Ζιι
1136 4267 1266 4326 Theocaat

117 4363 146 4401 ιι.
170 4347 253 4416 Virpit
270 4347 391 4416 (Lapara
408 4351 492 4416 1860),
511 4365 538 4417 p.
551 4349 568 4402 9
579 4366 637 4416 sqq.
