2774 4724
543 324 756 384 ..59-

88 488 179 552 facile
203 510 279 553 eum
297 490 448 557 Gracfius
465 491 611 577 explevit
634 494 703 556 sola
725 517 742 556 ν
758 493 1085 567 111181818181181888;
1109 494 1219 576 itaque

89 588 213 676 νέης-
228 587 367 681 γαλήνης
381 595 558 680 legendum
574 602 642 671 est;
660 596 885 682 comprobavit
901 596 985 659 11888
999 597 1219 660 888188181881

90 693 329 762 Scheindlerus.
377 697 442 761 Sed
471 720 512 762 88
542 698 752 762 Scheindlero
782 705 913 764 auctore
943 698 1025 763 hacc
1054 699 1155 762 verba
1179 698 1219 761 ad

89 799 326 864 restitutionem
355 807 453 886 atque
484 802 773 886 amplificationem
802 802 962 865 ecclesiae
997 803 1030 864 in
1059 802 1220 865 seditione

89 901 294 967 Prasinorum
318 906 467 969 incendio
492 906 621 969 deletae
647 913 796 991 spectare
819 911 985 990 putemus,
1009 906 1221 990 prohibemur

89 1007 144 1086 eis,
168 1029 251 1092 quac
276 1030 375 1094 supra
399 1014 443 1095 (p.
462 1012 481 1072 2
497 1009 558 1094 sq.)
583 1011 661 1073 satis
686 1011 880 1096 exposuisse
904 1010 982 1072 mihi
1004 1009 1125 1073 videor.
1170 1008 1221 1072 De

91 1110 157 1173 sola
172 1112 276 1174 altera
298 1113 503 1176 restitutione
527 1112 588 1176 hoc
611 1114 681 1176 loco
700 1114 835 1197 cogitari
851 1118 970 1198 potest.
1016 1112 1081 1177 sed
1098 1112 1221 1193 dubito,

92 1234 131 1276 an
162 1235 227 1277 non
254 1214 304 1277 his
329 1215 438 1279 verbis
467 1214 508 1279 de
538 1217 713 1279 clementia
741 1223 839 1300 atque
868 1216 974 1300 gratia
1002 1216 1058 1279 illa
1086 1216 1222 1293 dicatur,

90 1337 151 1400 qua
167 1323 334 1402 permotus
351 1319 530 1402 imperator
552 1319 659 1382 denuo
675 1320 832 1404 templum
850 1318 1099 1383 consecraverit.
1137 1317 1222 1381 Nam

90 1419 170 1484 haec
185 1426 370 1506 postremos
395 1422 546 1485 carminis
571 1443 684 1485 versus
709 1422 794 1486 velle
811 1423 981 1487 existimo:
1006 1422 1101 1485 Talia
1124 1442 1222 1505 opera

90 1524 266 1608 imperator
289 1524 350 1588 deo
376 1526 553 1602 exstruxit,
579 1527 740 1589 coronatis
765 1531 873 1589 autem
897 1525 989 1589 donis
1014 1523 1222 1610 splendorem

89 1647 191 1690 novae
208 1627 403 1690 clementiae
420 1627 539 1691 adiecit
563 1648 661 1712 supra
678 1629 793 1692 aedem
809 1628 1019 1707 celebratam,
1043 1633 1079 1690 ut
1103 1627 1223 1690 donum

92 1751 168 1794 sane
185 1731 293 1794 111881
317 1732 386 1814 regi
407 1731 518 1794 mundi
534 1731 699 1796 conderet.
744 1731 883 1794 Accedit
903 1731 1003 1815 igitur
1023 1724 1143 1816 γαλήνη
1167 1730 1223 1792 1118

91 1833 132 1896 ad
153 1835 261 1918 ipsum
278 1834 470 1898 aedificium.
515 1834 630 1919 Itaque
656 1836 683 1898 81
705 1832 776 1921 νέης
794 1828 933 1922 γαλήνης
956 1832 1116 1913 scribitur,
1141 1832 1224 1895 dixit

91 1942 187 2021 poeta
210 1938 416 2001 clementiam
440 1939 661 2024 imperatoris,
691 1960 735 2002 ex
757 1959 821 2022 qua
849 1939 921 2023 ipsa
944 1936 1127 2001 aedificatio
1153 1942 1224 1998 8118

91 2046 190 2118 88881,
221 2061 286 2103 888
318 2061 392 2104 8888
419 2040 543 2104 finitam
573 2041 668 2103 simul
697 2063 770 2104 cum
801 2041 924 2126 templo
954 2044 1135 2116 exstructo,
1167 2037 1223 2101 sed

92 2141 195 2205 denuo
219 2162 292 2206 8818
314 2142 389 2205 urbi
413 2143 511 2206 881811
534 2164 621 2218 8888;
645 2165 729 2207 11818
751 2145 852 2228 igitur
875 2148 925 2206 est
941 2143 1055 2226 gratia.
1099 2140 1224 2205 Verum

91 2246 163 2330 ipse
190 2245 333 2309 concedo
363 2268 428 2310 non
456 2248 613 2333 postulari
641 2268 739 2311 88888
768 2248 852 2310 hanc
884 2246 1111 2310 coniecturam.
1159 2242 1225 2307 Sed

91 2350 166 2433 quia
188 2370 395 2434 nequaquam
419 2350 459 2414 ab
484 2373 522 2414 co
547 2351 709 2431 abhorret,
733 2373 785 2415 me
808 2350 940 2435 quidem
965 2371 1036 2413 eam
1060 2347 1225 2433 praeferre

93 2452 267 2528 confiteor3
291 2474 367 2516 nam
390 2452 436 2517 sic
460 2454 592 2517 odiosus
616 2455 671 2518 ille
695 2454 804 2518 hiatus
835 2456 964 2531 1118181,
989 2474 1084 2538 quem
1107 2457 1223 2514 8188-

92 2579 253 2637 cusemus,
277 2579 318 2621 ne
335 2557 396 2622 hac
419 2559 551 2643 quidem
574 2581 610 2623 18
634 2560 826 2640 inducimur,
851 2559 935 2645 quod
951 2559 1070 2643 inipso
1086 2556 1225 2619 ambone

92 2662 174 2725 haec
196 2661 297 2725 verba
325 2662 432 2726 locum
457 2684 552 2726 suum
575 2669 704 2743 tenent,
733 2663 862 2726 etiamsi
892 2664 926 2725 in
949 2662 1010 2725 hac
1034 2660 1130 2724 tertia
1155 2679 1224 2721 car-

91 2765 188 2828 minis
217 2771 312 2850 parte
342 2787 406 2829 non
437 2767 540 2830 semel
572 2767 723 2830 licentias
751 2766 909 2851 quasdam
932 2766 1084 2830 metricas
1108 2763 1224 2846 depre-

92 2867 314 2950 118811181881).

94 3059 124 3120 5.
159 3055 215 3120 Dc
243 3057 424 3121 brevium
458 3056 710 3140 syllabarum
740 3056 921 3119 finalium
944 3056 1226 3141 productione.

180 3177 318 3241 Etiamsi
349 3177 534 3245 hexametri
561 3176 728 3256 licentias,
759 3198 839 3262 quas
869 3177 974 3240 adhuc
1005 3177 1227 3261 exposuimus,

94 3285 127 3347 in
150 3283 257 3348 Nonni
281 3285 416 3369 eiusque
440 3283 640 3346 imitatorum
656 3282 852 3346 carminibus
876 3282 1048 3346 8118811818
1073 3286 1105 3345 81
1128 3282 1227 3344 881118

94 3387 221 3471 legibus
238 3386 505 3450 circumscribere
521 3385 631 3447 multis
656 3391 688 3448 et
711 3385 813 3449 doctis
839 3386 914 3448 viris
939 3406 1035 3448 curae
1058 3385 1120 3448 fuit
1141 3384 1228 3448 haud

95 3492 141 3555 ita
163 3492 321 3576 exiguae,
345 3491 385 3554 ad
409 3491 515 3553 nullas
538 3494 649 3558 tamen
673 3489 751 3551 artis
774 3488 968 3551 Nonnianac
992 3489 1083 3572 leges
1107 3488 1226 3551 consti-

94 3594 232 3658 tuendas
259 3595 399 3658 maiores
429 3593 558 3657 labores
589 3590 832 3676 impenderunt,
864 3612 960 3675 quam
984 3591 1025 3654 ad
1050 3612 1121 3673 888,
1145 3611 1228 3674 quae

96 3704 170 3762 sunt
198 3698 237 3760 de
268 3719 330 3760 usn
352 3697 501 3761 brevium
526 3695 725 3780 syllabarum
748 3695 782 3757 in
805 3694 869 3757 fine
892 3694 1067 3757 verborum
1089 3694 1227 3779 produc-

96 3807 210 3865 tarum.
267 3800 449 3887 Praecipue
478 3799 643 3884 Hilbergii
676 3799 921 3878 dissertatione,
957 3798 1008 3862 cui
1042 3797 1230 3861 inscribitur

183 3991 203 4057 ¹)
221 3990 350 4045 Fortasse
368 3991 443 4044 recte
462 3988 694 4043 Stadtmuellerus
712 3988 830 4053 monuit,
850 4005 885 4041 ne
904 3986 1020 4041 celerius
1039 3986 1231 4056 comprobare-

95 4095 156 4130 mus
172 4076 274 4131 Graefii
292 4075 489 4140 coniecturam,
508 4092 592 4144 quam
611 4075 785 4129 audaciorem
804 4076 887 4142 putat
904 4074 1065 4142 comparato
1083 4090 1125 4143 ep.
1144 4073 1230 4128 Anth.

94 4164 172 4217 Plan.
191 4161 233 4227 64,
245 4163 275 4216 3:

301 4247 377 4321 ὄφρα
395 4249 441 4302 καὶ
459 4251 489 4302 ἐν
507 4250 664 4318 λιμένεσσιν
681 4247 730 4316 ἑήν
747 4246 874 4301 πετάσειε
892 4245 1032 4316 γαλήνην·

94 4339 271 4406 Quamquam
293 4336 376 4390 huius
403 4336 614 4406 epigrammatis
639 4337 723 4405 poeta
747 4335 870 4389 incertus
887 4333 1005 4389 hiatum
1016 4334 1108 4387 illum
1127 4335 1250 4384 ossum

93 4443 151 4481 non
168 4422 279 4479 1118111,
316 4423 353 4479 Of.
374 4441 396 4478 v.
415 4425 433 4478 2
451 4419 563 4497 ἄγαλμα
580 4419 728 4499 ’rosana
