2774 4724
616 247 829 309 ..34-

153 441 260 505 neque
276 440 353 484 vero
369 417 459 482 addit
472 424 569 504 poeta
585 418 727 501 reliquas
745 423 855 503 portas
879 416 920 481 ad
935 437 1109 502 vesperum
1129 421 1295 501 spectare,

158 522 218 588 sed
240 523 322 586 haec
347 530 422 586 sunt
444 522 560 586 verba:

723 623 787 687 τῶν
809 645 844 708 ye
866 621 925 706 μὲν
948 615 1053 688 ἄλλων

309 724 494 815 νηοκόρος
516 722 690 813 παλάμῃσι
718 721 888 810 μεμυκότα
910 723 1031 813 θαιρὸν
1054 719 1179 813 ἀνοίγει

311 827 464 917 ἑσπέριον
486 829 564 917 περὶ
586 833 705 911 τοῖχον.

155 936 288 1000 Aeditui
312 942 422 1000 autem
447 956 589 1020 persona
610 933 742 998 inducta
765 934 955 998 vividiorem
979 934 1050 998 fieri
1072 935 1293 998 narrationem

157 1040 227 1124 quis
252 1046 317 1118 est,
342 1039 396 1124 qui
419 1039 565 1102 abnuat?
611 1038 696 1102 Item
728 1037 814 1100 1171
843 1036 966 1101 Paulus
996 1039 1100 1101 virum
1123 1038 1294 1102 luciferum

153 1137 347 1229 (φωσφόρος
369 1134 464 1229 ἀνήρ)
485 1143 578 1227 quasi
604 1143 637 1204 in
658 1162 808 1205 scaenam
825 1140 986 1225 produxit,
1011 1143 1064 1226 qui
1080 1143 1293 1227 periculosam

157 1248 307 1311 semitam
338 1245 422 1309 infra
460 1247 569 1330 ipsum
602 1245 726 1308 tholum
757 1245 877 1308 factam
907 1246 978 1309 sine
1008 1252 1097 1309 metu
1127 1247 1294 1331 ingressus

155 1351 279 1414 lumina
302 1348 468 1423 accendit3
498 1349 551 1413 vel
574 1347 796 1412 11490-504
826 1355 974 1430 nautam,
1006 1350 1060 1435 qni
1082 1349 1161 1413 dum
1183 1351 1293 1414 relicto

156 1452 260 1516 Ponto
289 1459 384 1516 nocte
412 1473 471 1537 per
504 1450 689 1536 Bosporum
723 1452 859 1535 navigat
887 1458 943 1515 aut
973 1474 1016 1516 ex
1045 1452 1185 1537 Aegaeo
1216 1453 1296 1516 mari

156 1576 216 1639 per
238 1554 490 1640 Hellespontum
518 1555 662 1634 vehitur,
688 1576 751 1618 non
776 1554 943 1618 stellarum
966 1554 1085 1618 auxilio
1112 1555 1170 1619 sed
1195 1556 1295 1619 oculis

158 1657 198 1720 ad
221 1678 361 1741 magnae
386 1658 547 1721 ecclesiae
576 1657 699 1720 lumina
724 1658 890 1720 conversis
913 1658 1174 1742 gubernaculum
1197 1659 1296 1742 regit3

158 1761 210 1823 vel
234 1760 268 1823 Π
288 1765 346 1824 105
370 1760 544 1845 Assyrium
568 1761 636 1824 sive
667 1759 827 1823 Celticum
851 1761 965 1840 virum,
990 1761 1045 1845 qui
1061 1762 1199 1826 arbores
1222 1783 1296 1825 suc-

160 1864 253 1938 cidit3
277 1866 329 1928 vel
354 1886 383 1930 a.
406 1870 464 1928 110
489 1858 674 1947 λαοιόμοος
697 1871 729 1928 et
752 1864 833 1927 alios
850 1864 922 1928 aliis
944 1865 1035 1932 locis.
1082 1864 1198 1930 Simile
1222 1864 1298 1950 quid

157 1970 190 2031 in
218 1989 248 2031 v.
270 1968 381 2032 11209
407 1989 475 2053 sqq.
511 1974 703 2052 usurpatur,
738 1967 794 2031 ubi
828 1968 948 2031 Paulus
977 1970 1069 2032 varia
1099 1989 1297 2033 marmorum

159 2092 282 2154 genera
304 2070 474 2143 describit;
505 2070 650 2157 Aegypti
675 2071 761 2133 enim
784 2070 868 2155 lapis
891 2092 1072 2158 purpureus
1098 2093 1299 2136 commemo-

159 2179 248 2238 ratur
271 2175 361 2238 hisce
386 2175 513 2240 verbis:

778 2273 883 2355 πολὺς
905 2276 934 2342 d'
957 2269 1097 2365 εὖνιήχιϊ
1118 2274 1229 2364 Νείλῳ

315 2377 457 2468 meotide
480 2376 626 2469 πιλήσας
648 2376 843 2469 ποιομήϊδοι
867 2381 950 2458 λᾶος
973 2372 1113 2461 ἀνίσχων

315 2480 502 2571 πορφύρεος
523 2483 674 2550 λεπτοῖσι
698 2480 912 2567 ποποσμένος
934 2477 1075 2570 ἀστράσι
1097 2480 1236 2568 λάμπει.

161 2588 199 2651 cf.
224 2589 321 2651 etiam
345 2610 374 2652 v.
393 2592 454 2652 205
479 2595 513 2653 et
535 2588 629 2654 alios.

251 2691 428 2756 Praeterea
451 2692 651 2756 similibus
675 2692 762 2756 haud
784 2713 857 2756 raro
874 2691 1030 2754 immixtis
1048 2691 1171 2755 Paulus
1187 2713 1302 2756 narra-

160 2795 281 2856 tionem
316 2816 381 2858 non
415 2795 592 2858 iniucunde
626 2793 790 2875 distinxit,
826 2816 964 2879 quorum
997 2795 1155 2858 nonnulla
1189 2795 1302 2878 paullo

161 2898 352 2980 diligentius
376 2898 622 2982 perlustremus.
668 2898 706 2961 ln
722 2899 903 2983 posteriore
919 2898 1014 2982 primi
1030 2898 1105 2961 libri
1121 2899 1303 2982 prooemio,

161 3020 234 3062 eum
259 3000 464 3085 patriarchae
490 3002 752 3066 benevolentiam
776 3002 972 3080 exoraverit,
997 3000 1119 3064 Paulus
1142 3001 1215 3085 ipse
1241 3001 1302 3063 ali-

161 3125 257 3189 quem
283 3105 365 3169 haec
381 3105 545 3168 dicentem
561 3105 669 3188 fingit:
695 3125 751 3167 cur
775 3103 994 3189 apatriarcha
1017 3104 1113 3189 petis,
1136 3110 1173 3166 ut
1196 3103 1302 3167 bene-

163 3209 255 3271 volus
286 3209 340 3289 sit,
372 3228 446 3271 eum
474 3228 604 3292 semper
632 3208 686 3271 ille
709 3207 756 3270 nil
779 3208 840 3269 nisi
863 3207 1129 3270 benevolentiam
1152 3206 1302 3270 clemen-

166 3312 309 3395 tiamque
339 3310 511 3396 praebeat;
543 3332 649 3374 nonne
673 3310 760 3375 idem
784 3311 875 3390 facis,
905 3310 992 3395 quod
1022 3311 1066 3389 is,
1093 3311 1149 3395 qui
1182 3331 1201 3373 a
1232 3312 1303 3374 sole

164 3420 274 3499 petat,
297 3422 334 3479 ut
357 3416 409 3480 die
435 3417 567 3494 oriatur,
591 3421 647 3479 aut
670 3437 689 3479 a
711 3416 794 3493 lnce,
818 3421 854 3478 ut
877 3417 986 3478 luceat
1008 3420 1093 3478 etot
1138 3414 1304 3479 Nimirum

163 3520 280 3583 melius
312 3520 471 3584 celebrari
502 3542 567 3583 non
602 3526 740 3604 possunt
774 3518 832 3581 viri
861 3518 1058 3581 sanctissimi
1086 3519 1237 3583 virtutes.
1262 3557 1304 3566 -—

162 3622 255 3685 1153
271 3643 356 3707 sqq:
382 3620 476 3686 Oculi
493 3622 589 3686 modo
612 3623 646 3686 in
662 3623 746 3686 hanc
762 3623 857 3686 modo
880 3623 914 3685 in
937 3622 1025 3686 illam
1042 3622 1156 3706 templi
1173 3629 1304 3706 partem

163 3725 382 3803 coniciuntur,
410 3725 500 3788 utin
523 3727 754 3790 amoenissima
777 3727 928 3810 regione,
960 3726 1016 3788 ubi
1040 3725 1135 3789 modo
1161 3727 1304 3806 caelum,

162 3828 257 3891 modo
280 3835 385 3912 prata,
408 3828 504 3892 moda
526 3831 631 3893 rivum
655 3836 712 3893 aut
734 3851 823 3893 mare
844 3831 1007 3893 intuemur
1023 3848 1089 3892 ‘nec
1106 3835 1303 3919 saturamur.
1367 3822 1369 3826 ’

165 3969 201 3977 -
227 3931 354 3994 11450:
378 3932 602 3997 Lucernarum
626 3955 760 4012 corona,
790 3954 872 4016 quae
896 3933 976 3996 tholi
999 3955 1087 3996 oram
1112 3933 1304 4016 circumdat,

163 4035 195 4096 in
227 4036 502 4122 comparationem
536 4044 672 4101 vocatur
706 4058 779 4100 cum
807 4035 952 4118 fulgente
980 4036 1107 4110 monili,
1143 4057 1208 4120 quo
1245 4059 1305 4101 rex

164 4137 249 4200 filiae
274 4138 393 4202 collum
411 4144 513 4202 ornat.
531 4139 826 4203 -11479-485:
850 4136 944 4202 Alius
969 4139 1069 4202 alium
1086 4138 1178 4203 aedis
1195 4141 1306 4207 locum

164 4243 268 4326 captis
292 4242 395 4305 oculis
419 4241 611 4325 admiratur,
643 4243 739 4306 sicuti
766 4244 908 4306 viatores
938 4242 1020 4306 alius
1044 4244 1108 4307 alio
1133 4249 1222 4309 astro
1247 4246 1306 4311 de-

163 4347 334 4410 lectantur.
363 4381 404 4390 -
439 4345 478 4408 In
514 4346 659 4411 ambonis
689 4347 895 4431 praefatione
925 4346 969 4431 (v.
1001 4350 1038 4410 21
1063 4347 1148 4434 sqq.)
1179 4348 1308 4415 Paulus
