2774 4724
129 432 247 496 mortui
276 436 309 495 et
331 431 430 495 totius
454 433 596 497 familiae
620 434 790 498 voluntati.
836 434 931 499 Anno
953 434 983 500 h.
1002 458 1027 498 s.
1051 434 1259 517 LXXXVII,

124 558 161 617 ut
184 553 281 617 finem
303 552 505 638 imponerem
530 554 662 636 studiis,
693 556 837 641 Lipsiam
861 556 1028 640 profectus
1053 577 1147 637 sum,
1175 557 1260 621 ouius

125 672 186 736 viri
198 672 284 737 docti
297 672 537 757 Brugmannus,
549 674 913 759 Lipsius,Ribbeokius‚
921 675 1259 756 Richterus,Waebs·

123 793 276 875 muthius,
288 793 477 877 Wundtius‚
494 795 675 860 Zarnokius
691 818 744 861 me
761 797 906 882 collegiis
923 796 1116 864 docuerunt.
1153 798 1259 863 Etiam

125 919 245 1000 quanto
269 913 437 979 commodo
461 915 540 979 mihi
554 916 675 980 fuerint
691 916 831 980 instituti
847 917 1011 1003 philologi,
1028 916 1116 1001 quod
1133 925 1260 997 vocant

122 1034 255 1120 egregie
271 1033 468 1115 adiumenta,
484 1035 625 1100 libenter
640 1036 807 1100 confiteor.
848 1034 1067 1101 Societatibus
1083 1036 1262 1103 Ribbeokii

121 1157 183 1220 tria
214 1155 403 1236 semestris,
433 1155 678 1223 Waohsmuthii
712 1156 794 1238 duo,
830 1158 1002 1221 seminario
1033 1157 1261 1244 poedagogioo

121 1276 253 1341 Riserdi
277 1275 412 1340 Richter
442 1298 502 1362 per
536 1298 595 1341 sex
622 1299 754 1345 menses
786 1277 934 1356 interfui,
969 1282 1067 1361 atque
1102 1299 1148 1342 ne
1178 1300 1261 1343 nuno

121 1396 268 1481 quidem,
297 1402 334 1460 ut
361 1397 550 1462 recederem
574 1418 616 1461 ex
639 1397 929 1483 praestantissimis
953 1397 1003 1461 his
1026 1399 1223 1482 palaestris,
1245 1423 1262 1464 s

17 1533 21 1542 ·
122 1537 173 1580 me
196 1516 378 1602 impetravi.

119 1613 121 1617 Ι
209 1636 368 1702 Omnibus
381 1643 490 1702 autem
504 1639 623 1724 optime
637 1637 677 1702 de
687 1659 740 1701 me
754 1639 880 1703 meritis
894 1638 969 1702 viris
984 1638 1101 1721 doctis,
1127 1650 1262 1727 praeter

121 1735 250 1819 eeteros
274 1753 405 1820 Erwino
428 1755 556 1837 Rohde,
581 1757 635 1841 qui
660 1757 772 1820 tironis
796 1758 900 1842 prima
918 1758 1078 1823 exercitia
1094 1762 1261 1827 moderari

120 1896 184 1939 non
207 1875 328 1940 veritus
354 1883 412 1958 est,
437 1883 470 1941 et
493 1876 633 1942 Rudolfo
657 1877 797 1958 Sehooll,
823 1879 876 1963 qui
896 1881 1039 1944 maximo
1063 1902 1141 1945 curn
1160 1886 1260 1955 eomi-

122 1996 315 2074 tatestudia
330 2019 405 2062 mea
420 1998 508 2077 fovit,
527 2005 560 2063 et
576 1998 687 2063 Ottoni
703 1999 856 2065 Ribbeok
872 2007 968 2086 atquo
985 2000 1095 2066 Curtio
1113 2002 1259 2071 Waehs·

119 2115 228 2197 moth,
252 2117 306 2200 qui
330 2090 505 2201 nnmquam
529 2116 607 2181 mihi
631 2117 780 2196 defuere,
803 2140 866 2197 me,
890 2118 997 2203 quoad
1020 2120 1107 2201 vivo,
1132 2127 1260 2206 gratias

119 2236 306 2300 habitururn
329 2258 403 2302 esse
426 2259 520 2322 quam
544 2239 704 2302 maximas
728 2241 834 2322 magis
858 2261 909 2316 re,
933 2241 958 2303 si
982 2241 1073 2320 lieet,
1099 2240 1260 2328 probabo,

119 2377 216 2458 quem
239 2356 386 2442 pluribus
409 2358 518 2422 verbis
540 2379 626 2422 nune
650 2358 837 2435 adfirmabo,
