2774 4724
543 327 756 389 -so-
885 396 887 401 ,

90 496 238 580 exempla
260 496 357 559 huius
378 496 598 580 productionis
621 498 766 562 exhibet.
813 497 923 562 Semel
947 499 1032 562 enim
1056 500 1220 584 monosyl-

91 598 198 662 labum
227 598 273 662 ita
300 599 455 683 produxit
489 602 522 664 in
549 601 635 665 thesi
658 601 704 667 ΙΙ.
733 622 847 665 versus
873 602 890 664 I
918 603 977 664 136
1009 603 1113 679 κεῖνος
1143 595 1223 688 ἀνὴρ

89 695 132 764 τὰ
149 700 283 784 πρώτω
308 701 447 766 eandem
462 703 659 787 positionem
674 703 816 768 debilem
831 703 862 766 N
864 725 966 767 onnus
983 705 1054 788 ipse
1076 703 1223 768 adhibuit

94 809 138 884 Ιθ,
154 807 217 868 427
240 801 335 870 δέκτο
357 802 428 882 νέος
448 801 495 870 τὰ
518 806 645 892 πρῶτα.
686 806 736 873 Of.
760 807 1160 887 etiam33,320tr1702
1184 803 1221 873 τὸ

90 903 218 992 πρόσθε
234 913 267 972 et
289 907 458 972 Homerici
481 931 559 973 usus
583 912 736 996 exempla
759 933 779 974 a
800 910 1013 975 Scheindlero
1036 911 1174 996 (Ztscbr.
1197 911 1220 991 f.

89 1017 114 1075 ὃ.
129 1012 168 1076 G.
185 1010 339 1098 187911.)
352 1020 384 1076 et
396 1035 416 1076 a
429 1013 620 1078 Ludwichio
638 1014 858 1100 suppeditata,
871 1016 955 1078 sicut
970 1019 1010 1079 A
1018 1018 1048 1080 6.
1065 1020 1105 1078 H
1107 1017 1169 1078 412
1180 1015 1221 1078 al.

93 1114 223 1179 Accedit
249 1135 334 1179 unus
364 1117 634 1200 epigrammatum
656 1117 868 1182 Paulinorum
892 1138 1005 1182 versus
1028 1119 1101 1181 loco
1125 1117 1221 1181 modo

91 1219 217 1283 laudato
239 1220 425 1304 persimilis,
449 1220 480 1284 V
500 1222 608 1301 230‚3
631 1221 669 1285 τὸ
693 1215 772 1306 πρίν
795 1221 827 1283 in
851 1221 945 1306 pedis
968 1222 1013 1286 Π.
1037 1221 1131 1284 thesi.

174 1320 239 1386 Sed
261 1344 394 1408 prorsus
418 1323 570 1387 contrarii
595 1329 670 1387 sunt
688 1324 797 1387 Nonni
820 1325 894 1387 usui
917 1323 980 1387 duo
1004 1324 1078 1404 loci,
1103 1324 1221 1409 quibus

90 1423 375 1510 disyllaborum
406 1427 515 1490 brevis
539 1427 653 1491 ultima
674 1427 707 1490 in
730 1426 826 1511 primi
848 1426 941 1511 pedis
963 1426 1049 1491 thesi
1072 1448 1114 1490 m.
1138 1433 1171 1491 et
1201 1427 1221 1490 l.

92 1531 255 1615 sequentis
283 1531 376 1596 verbi
405 1532 505 1614 longa
533 1531 577 1596 fit.
632 1530 715 1594 Sunt
744 1537 853 1594 autem
884 1531 934 1594 hi:
962 1530 1063 1594 1253
1093 1525 1222 1616 ytvmd

89 1627 329 1720 χρυσεότευκτα.
381 1636 416 1700 ΙΙ
441 1637 501 1700 183
530 1632 607 1721 μηνὶ
630 1630 851 1721 χρυσοχίτωνι.
901 1635 1063 1698 Nimirum
1093 1634 1126 1698 hi
1148 1634 1221 1713 loci,

91 1759 151 1822 qua
174 1744 250 1802 sunt
272 1760 377 1825 paene
406 1739 555 1804 inaudita
577 1739 721 1818 licentia,
745 1740 810 1803 iarn
832 1739 982 1824 temptati
1006 1744 1081 1802 sunt
1104 1760 1124 1801 a
1146 1738 1222 1802 viris

89 1840 208 1922 doctis,
240 1843 295 1926 qui
320 1843 433 1907 dehis
457 1843 700 1928 quaestionibus
723 1840 865 1906 metricis
889 1842 1098 1927 scripserunt.
1145 1840 1222 1925 Ipse

89 1943 279 2030 Hilbcrgius
305 1945 453 2030 (Prtacr'p
476 1947 506 2010 d.
529 1945 561 2012 S.
584 1968 615 2031 p.
633 1945 687 2030 38)
711 1948 850 2032 primus,
877 1945 940 2009 nisi
963 1946 1075 2025 fallor,
1101 1965 1156 2009 eos
1181 1943 1221 2007 de

89 2046 192 2111 medio
216 2049 333 2112 tollere
357 2048 499 2124 studuit;
528 2049 669 2112 alterum
697 2045 841 2132 (11183)
865 2068 904 2111 ea
927 2047 1127 2127 coniectura,
1159 2069 1223 2133 qua

89 2170 129 2213 ne
152 2150 236 2215 iusto
254 2151 384 2236 saepius
408 2172 488 2215 usus
513 2152 566 2231 sit,
589 2149 685 2215 valde
702 2172 829 2217 vereor.
873 2150 1000 2214 Mutato
1024 2150 1108 2214 enim
1126 2172 1222 2214 voca·

90 2251 238 2319 bulorum
262 2252 375 2318 ordine
397 2275 455 2339 pro
480 2254 602 2319 verbis:

757 2331 888 2404 ὁππότε
910 2334 989 2417 λαός

243 2442 320 2531 μηνὶ
342 2440 555 2528 χρυσοχίτωνι
578 2444 661 2510 θεοῦ
681 2437 766 2509 κατὰ
789 2437 906 2527 priosta
928 2437 1042 2530 ἑορτήν

240 2544 398 2630 ἐννυχίοις
421 2540 578 2632 ἄχραντον
601 2539 785 2633 ἇφύσσεται
808 2539 938 2632 ἄγγεσιν
959 2541 1058 2630 ὕδωρ,

90 2651 184 2716 scribi
212 2651 314 2717 voluit
344 2643 476 2716 ὁππότε
504 2645 582 2736 μηνί
610 2644 718 2728 1λαὸς
748 2645 970 2736 χρυσοχίτωνι.
1015 2650 1124 2714 Aliam
1148 2671 1224 2713 con-

91 2756 245 2820 iecturam
278 2755 508 2819 Scheindlerus
538 2754 676 2840 (Ztscbr.
707 2754 780 2834 fio'.
808 2754 847 2818 G.
874 2757 966 2835 1879,
989 2777 1020 2840 p.
1042 2753 1120 2839 436)
1148 2776 1223 2839 pro-

90 2862 210 2945 posuit,
240 2882 313 2924 cum
336 2861 401 2945 legi
423 2859 525 2923 vellet
546 2854 630 2947 μήνῃ
652 2855 864 2945 χρυσοχίτωνι
887 2859 949 2923 hac
974 2859 1085 2923 addita
1108 2880 1222 2923 causa:

90 2963 166 3042 „Du
183 2962 323 3046 Coactus
338 2963 457 3028 crdldrt
472 2983 579 3026 comm.
595 2965 647 3027 22.
665 2963 755 3042 1279
771 2962 842 3040 „Im
858 2962 991 3027 Monate
1006 2964 1062 3027 dar
1074 2963 1225 3044 poldcoca

94 3067 283 3144 Gcwo'ordm
310 3066 448 3131 admlicb
478 3067 524 3133 tm
545 3065 694 3142 Ianuar,
727 3064 763 3128 ia
784 3063 928 3129 melcham
950 3066 1001 3130 dic
1028 3064 1167 3131 Consua
1189 3067 1225 3131 in

90 3170 326 3253 pollpcstr'clctca
350 3169 511 3232 Kleidera
538 3168 592 3231 tar
617 3168 695 3231 Amr
723 3172 834 3232 antrat
875 3175 903 3231 .“
961 3169 1030 3234 Wt'c
1066 3170 1140 3233 abor
1167 3166 1227 3233 dos

84 3273 243 3355 ‚Sctdpfca
258 3274 311 3338 des
326 3272 549 3353 dciltrdfta'pca
567 3271 711 3336 Wossers
726 3272 785 3335 mit
799 3272 868 3335 dom
879 3271 1012 3336 Joauor
1029 3293 1224 3338 zusammen·

92 3378 209 3460 ddapea
219 3376 315 3454 sollte,
332 3376 375 3440 ist
387 3377 440 3440 eto
452 3373 572 3440 Ratset.
625 3375 727 3440 Weaa
739 3376 800 3440 wir
812 3375 888 3439 aber
898 3370 982 3463 μήνῃ
994 3400 1042 3459 χρ.
1054 3377 1224 3455 adreddere,

92 3501 123 3546 so
141 3481 279 3564 pruriant
301 3480 352 3544 die
371 3500 471 3562 portae
492 3477 680 3560 Eradblaap
702 3478 755 3542 cia
776 3478 910 3543 cadmea
935 3479 1085 3543 Gcwcad.
1130 3480 1224 3543 Bcim

100 3584 268 3662 Vollmond,
291 3584 359 3649 also
379 3603 470 3648 werra
492 3583 547 3647 der
561 3582 667 3647 Moad
677 3582 732 3676 ¹tm
743 3581 894 3663 poldeaea
912 3582 1071 3647 Gcwoadc
1086 3582 1225 3661 strobile,

91 3688 225 3770 sctdpftc
245 3709 323 3753 maa
344 3688 403 3752 dos
418 3686 616 3769 betltrdftt'pc
639 3687 799 3752 Wosscr.“
844 3685 904 3751 Oui
921 3688 1125 3752 coniecturae
1142 3687 1224 3770 haec

95 3794 222 3858 obstare
246 3792 326 3857 mihi
345 3791 506 3858 videntur.
551 3791 698 3876 Accepto
714 3791 874 3855 vocabulo
896 3785 980 3879 pepp
1004 3793 1134 3855 omnino
1158 3813 1224 3855 non

94 3897 293 3983 significatur
315 3895 385 3958 dies
406 3894 521 3975 festus,
545 3915 607 3979 quo
629 3894 755 3958 incolae
779 3894 933 3980 Byzantii
955 3894 1017 3957 hoc
1042 3914 1129 3957 more
1152 3901 1224 3958 ute·
1337 3953 1340 3961 .

93 4001 218 4066 bantur.
264 3999 349 4064 Nam
381 4021 424 4063 ex
450 3997 558 4061 verbis
580 3997 664 4062 3εοῦ
685 3993 770 4063 κατὰ
793 3993 911 4082 μύστιν
933 3992 1046 4084 ἑορτήν
1069 3999 1125 4063 ille
1149 4019 1223 4084 per-

92 4106 169 4191 spici
193 4104 318 4188 nequit.
364 4102 431 4168 Sed
453 4121 587 4187 prorsus
603 4101 752 4185 neglexit
774 4103 823 4166 vir
839 4102 955 4166 doctus
969 4103 1074 4166 verba
1089 4102 1224 4166 Ioannis

91 4207 315 4294 Ohrysostomi
328 4206 365 4291 ¹),
389 4207 504 4291 quibus
528 4205 622 4290 quasi
637 4204 843 4269 adminiculis
859 4205 991 4270 innixus
1008 4205 1062 4270 Du
1080 4204 1225 4289 Oangius

176 4362 197 4429 ι)
216 4359 257 4414 cf.
276 4359 418 4429 Patrolog.
432 4359 526 4413 Graec.
547 4359 589 4412 cd.
606 4358 704 4430 Migne
721 4360 790 4414 tom.
801 4359 896 4414 xum
910 4361 1010 4429 prun
1021 4376 1081 4423 sus
1100 4355 1176 4416 silim
1189 4353 1253 4414 piso

88 4447 164 4502 ἐπιν
181 4446 200 4516 ἦ
217 4446 307 4516 ἡμέρα
325 4448 370 4513 (sc.
390 4445 568 4518 ἐπιφάνεια),
592 4449 657 4502 καθ’
678 4445 715 4520 ἣν
734 4447 909 4519 &passioneo
934 4443 986 4498 11111
1001 4442 1056 4510 rip
1075 4439 1135 4490 τῶν
1153 4429 1274 4483 bbbtow
