2774 4724
576 338 817 399 ..100-

130 510 254 577 Paulus
268 514 344 573 ante
357 508 470 571 oculos
482 508 584 592 ponit,
597 507 722 592 primus
735 506 808 571 fons
820 507 918 571 Hom.
933 512 964 571 Β
973 512 1031 571 144
1041 509 1269 574 videturesse:
1312 490 1315 496 ⁵

284 605 405 697 κινήθη
428 609 457 674 δ’
481 603 582 697 ἀγορή
607 604 653 697 φή
676 604 808 693 κύματα
830 605 941 696 μακρὰ
965 606 1147 698 θαλάσσης.

128 714 238 780 Etiam
259 716 397 779 Nonnus
422 736 495 779 eam
519 714 654 779 carmini
678 736 736 778 suo
759 714 899 779 inseruit
921 716 968 795 (A
988 714 1075 798 Ι47);

284 814 496 901 στεινομένων
516 813 690 905 νεφεληὸὸν
712 811 880 906 ἐπήτριμα
903 812 1033 902 κύματα
1055 817 1144 883 λαῶν

131 929 167 991 et
186 921 426 1010 'Pripbiodorus
450 923 493 1006 (v.
515 920 605 1005 109J:

284 1022 372 1088 λαῶν
394 1016 574 1110 ὀρνυμένων
596 1016 723 1106 ὃμαδὸν
745 1020 803 1088 καὶ
825 1023 913 1107 κῦμα
936 1017 1101 1111 φυγόντες.

129 1127 388 1194 Pauliana:

288 1227 450 1316 ῥωμαλέος
471 1223 627 1315 δούπησε,
650 1223 761 1295 πεσὼν
783 1230 813 1294 d’
836 1222 978 1314 ἑβύθονε
1000 1226 1110 1317 κονίην

131 1334 281 1400 omnibus
299 1332 347 1398 in
374 1331 564 1398 memoriam
590 1338 724 1398 revocat
744 1330 883 1398 Homeri
914 1330 1037 1399 dictum
1065 1337 1270 1400 notissimum

132 1438 180 1524 (Δ
194 1436 285 1519 504);

235 1534 400 1628 δούπησεν
421 1536 458 1605 δὲ
479 1533 600 1620 πεσών,
623 1531 769 1626 ἀράβησε
791 1537 828 1605 δὲ
849 1532 949 1621 τεύχε’
973 1537 1027 1605 ἐπ’
1051 1533 1151 1628 αύτῷ.

133 1647 313 1710 Praeterea
336 1648 564 1728 comparentur
591 1638 676 1706 inter
706 1662 756 1707 se:
786 1642 823 1709 P.
847 1641 960 1707 1188:
987 1636 1075 1730 πύλη
1097 1641 1272 1733 μυκήσατο

132 1752 210 1835 νηοῦ
233 1754 266 1813 et
289 1747 386 1812 Hom.
405 1749 435 1812 E
444 1749 506 1811 799
522 1751 585 1812 ete.
609 1739 795 1830 αὐτόμαται
818 1745 855 1812 δὲ
877 1742 982 1813 πύλαι
1001 1743 1104 1832 μύκον
1121 1742 1272 1835 ούρανοῦ.

132 1851 263 1918 Deinde
286 1872 402 1916 versus
425 1848 519 1915 initia
533 1851 569 1914 P.
593 1849 708 1914 1275:
733 1847 879 1932 πένταχα
897 1847 1099 1938 μοιρηθίντα
1123 1859 1157 1918 et
1172 1852 1272 1922 Hom.

133 1959 177 2021 M
200 1957 256 2021 87:
289 1948 436 2036 πένταχα
470 1950 699 2040 κοσμηθέντες.
729 1990 773 2001 -
803 1952 982 2020 Praeterea
1009 1956 1130 2020 Paulus
1170 1959 1273 2022 verba

133 2057 218 2145 ἕρμα
240 2053 376 2146 πολήων
398 2057 429 2143 (Ι
445 2056 502 2143 86)
522 2057 563 2120 ad
583 2059 771 2142 exemplum
787 2056 924 2123 Homeri
941 2058 1122 2124 confecisse
1139 2059 1273 2126 videtur

134 2163 191 2248 (cf.
213 2166 252 2228 Π
264 2165 341 2226 549:
365 2157 448 2246 ἕρμα
471 2153 619 2247 πόληος).
643 2199 685 2206 -
707 2158 964 2225 Hemistichium
988 2167 1099 2227 autem
1115 2163 1273 2228 Homeri—

135 2284 225 2347 cum,
256 2263 341 2351 quod
370 2263 403 2327 in
426 2262 535 2327 Nonni
558 2262 756 2327 carminibus
784 2284 849 2327 nou
873 2263 955 2348 legi,
986 2264 1106 2329 Paulus
1128 2264 1274 2332 intexuit

136 2368 246 2435 versui
269 2368 357 2431 156:
379 2368 459 2452 γαῖα
481 2363 510 2431 d’
533 2359 789 2447 ύπεστενύχιζεν.
813 2365 862 2431 Of.
886 2366 983 2434 Hom.
1007 2370 1038 2432 B
1055 2368 1129 2435 781.

221 2469 284 2536 His
307 2468 446 2535 Homeri
468 2466 624 2547 flosculis,
647 2468 764 2554 quibus
787 2468 910 2536 Paulus
933 2476 1028 2556 prata
1052 2493 1111 2536 sua
1134 2473 1272 2555 ornavit,

136 2574 268 2640 adicere
295 2572 394 2636 liceat
421 2576 531 2636 cetera
553 2570 690 2635 aliorum
713 2568 908 2658 scriptorum
930 2572 1087 2660 vestigia,
1111 2596 1196 2660 quae
1222 2577 1273 2640 in-

133 2676 219 2743 veni.
264 2674 355 2749 Quos
378 2674 477 2755 locos,
501 2673 630 2738 etiamsi
645 2672 785 2739 Paulum
809 2673 945 2740 consilio
964 2697 1095 2765 semper
1118 2678 1275 2764 exempla

134 2779 364 2845 illaimitatum
377 2798 452 2845 esse
476 2777 547 2865 ipse
566 2776 765 2844 contendere
788 2796 853 2842 uon
871 2776 986 2860 ausim,
1010 2785 1120 2844 tamen
1141 2777 1274 2846 silentio

134 2882 315 2971 praeterire
338 2876 438 2946 nolui.

222 2987 261 3050 In
284 3004 382 3050 versu
404 3004 434 3048 a.
451 2985 502 3064 89,
532 3004 594 3069 quo
618 2983 737 3049 Paulus
759 2982 948 3049 inferiorem
971 2983 1120 3051 ambonis
1142 2992 1274 3072 partem

137 3091 184 3155 sic
206 3088 376 3154 describit:

330 3181 386 3261 οἷα
408 3185 631 3276 κραταιρίνοιο
653 3183 817 3276 κεκυφότα
839 3190 926 3255 νῶτα
947 3184 1093 3276 χελώνης,

135 3291 255 3382 χελώνη
286 3294 343 3360 illa
373 3289 581 3380 κραταίρινος
610 3299 759 3379 spectare
782 3293 912 3359 videtur
934 3293 976 3360 ad
999 3295 1168 3359 oraculum
1192 3295 1275 3359 illud

136 3422 156 3468 a
178 3399 296 3487 Pythia
319 3398 439 3465 Oroeao
463 3398 584 3480 datum,
607 3404 643 3462 nt
665 3396 907 3464 Herodotus
930 3403 1040 3465 narrat
1064 3397 1179 3482 (Ι47);

291 3493 377 3590 ὀδμή
400 3498 435 3584 μ’
458 3498 492 3580 ἐς
513 3497 633 3588 φρένας
654 3489 741 3589 ήλθε
762 3495 986 3586 κραταιρίνοιο
1008 3493 1156 3588 χελώνης.

136 3605 209 3671 Ηοο
233 3604 402 3693 epitheton
425 3604 497 3668 aliia
521 3603 601 3669 loeis
624 3602 712 3668 haud
734 3604 875 3691 repperi.

223 3706 583 3773 Alexandrinorum
611 3701 756 3772 carmina
782 3705 1039 3794 Byzantinorum
1069 3706 1277 3791 temporibus

136 3833 257 3898 magno
280 3832 353 3877 cum
374 3809 481 3875 studio
499 3808 649 3875 lectitata
671 3831 745 3876 esse
768 3830 841 3874 cum
866 3830 906 3876 ex
923 3808 1168 3897 epigrammatis
1192 3810 1277 3874 satis

137 3916 344 4006 perspicitur,
368 3921 436 3980 tum
457 3912 553 3979 valde
569 3914 796 4003 comprobatur
812 3912 957 3978 carmine
973 3912 1112 3980 Musaei.
1156 3912 1278 4000 Neque

136 4040 242 4107 panea
271 4017 508 4085 Alexandrinis
542 4016 656 4083 debuit
685 4017 821 4083 Nonnus
851 4018 923 4105 ipse
936 4018 972 4100 ²).
1027 4018 1067 4082 In
1089 4016 1185 4082 Pauli
1217 4016 1277 4082 de-

139 4123 316 4211 scriptione
339 4140 439 4186 unum
462 4120 568 4185 locum
591 4120 717 4206 inveni,
740 4141 803 4206 quo
827 4120 1120 4188 Callimachum
1144 4119 1175 4185 ei
1198 4127 1279 4188 ante

138 4262 211 4270 —...

225 4343 247 4410 ¹)
265 4342 306 4396 cf.
318 4340 422 4396 Naelrii
434 4341 660 4399 dissertationem
678 4343 712 4399 de
722 4342 887 4400 Callimachi
896 4342 1000 4399 Hecale
1009 4341 1142 4415 scriptam
1161 4342 1240 4415 (opp.
1250 4344 1280 4402 11

111 4425 221 4489 μ108,
241 4426 295 4482 121
305 4444 348 4498 sq.
369 4428 423 4484 133
440 4430 506 4500 ea.)
