2774 4724
601 221 816 281 „17-

144 389 240 452 nibus
268 388 373 474 poetis
402 389 567 453 amatoriis
600 393 820 454 consentanea
847 390 924 463 sint;
954 389 1036 454 nihil
1062 389 1179 469 nativi,
1201 389 1283 453 nihil

145 493 230 572 novi,
253 493 335 556 nihil
352 491 475 579 proprii
491 493 648 573 invenies,
672 493 779 556 omnia
794 493 1006 558 accomodata
1029 493 1071 557 ad
1086 494 1282 558 veteriorum

148 600 319 659 auctorum
332 593 532 679 ingenium’',
545 596 653 658 omisit
668 596 905 681 epigrammata
915 618 1013 683 supra
1022 601 1284 675 commemorata,

149 719 232 781 quae
256 699 386 784 propria
407 699 542 763 inventa
566 697 722 762 exhibere
745 699 906 764 videntur.

234 817 299 883 Sed
325 820 388 882 iam
412 819 490 882 satis
513 818 554 882 de
571 819 826 904 epigrammatis.
873 821 1092 885 Transeamus
1117 821 1158 886 ad
1179 820 1283 885 maius

146 943 278 986 carmen
295 922 375 986 illud
398 922 443 986 dc
459 943 602 1006 magna
618 923 796 988 ecclesia
811 924 1036 1009 Byzantina
1059 926 1282 1011 compositum,

148 1047 191 1088 ex
208 1047 270 1110 quo
286 1017 436 1106 Paulum,
460 1027 611 1110 quoniam
636 1028 816 1092 sententias
831 1029 1112 1113 cogitationesque
1136 1050 1201 1093 non
1225 1029 1282 1093 de-

147 1130 308 1216 prompsit
343 1151 386 1194 ex
415 1130 553 1193 aliorum
586 1130 744 1214 ingeniis,
778 1132 898 1215 aliquid
931 1133 1081 1197 effecisse
1115 1132 1211 1212 satis,
1246 1138 1283 1195 ut

147 1232 302 1313 arbitror,
344 1239 490 1319 apparet.
542 1232 699 1318 Legimus
740 1232 801 1297 hoc
835 1254 979 1315 carmen,
1016 1236 1067 1299 cui
1097 1235 1284 1299 inscribitur

147 1332 282 1402 Παύλου
311 1338 453 1424 ποιητοῦ
484 1335 706 1423 Σιλεντιαρίοο
729 1333 804 1403 olori
828 1333 940 1424 Κύρου
969 1333 1127 1425 tropeum
1152 1334 1199 1416 εἰς
1225 1334 1283 1426 τὴν

144 1436 286 1528 μεγάλην
314 1436 489 1526 ἐκκλησίαν
517 1432 593 1529 ἤτοι
620 1435 678 1529 τὴν
710 1433 807 1526 ἁγίαν
838 1437 974 1529 σοφίαν,
1005 1443 1039 1506 in
1067 1443 1139 1529 ipso
1170 1442 1282 1507 codice

146 1545 369 1631 Anthologiae
391 1544 561 1627 Palatino,
591 1545 683 1609 cuius
716 1546 748 1608 in
777 1546 883 1630 prima
904 1546 1026 1631 pagina
1049 1547 1164 1633 incipit
1186 1568 1282 1632 prae·

145 1648 220 1712 fixis
245 1654 397 1733 quattuor
420 1648 506 1712 foliis
529 1649 756 1713 innumeratis.

236 1768 349 1854 Ipsum
365 1791 470 1854 genus
487 1769 743 1856 descriptionum
765 1791 830 1833 non
854 1770 1021 1834 inventum
1045 1791 1120 1834 esse
1144 1770 1283 1854 ascrip-

145 1873 272 1937 toribus
296 1873 555 1958 Byzantinorum
582 1879 768 1958 temporum
797 1872 856 1937 sed
887 1873 951 1936 iam
980 1895 999 1936 a
1028 1873 1200 1959 sophistis,
1231 1874 1285 1958 qui

145 1978 207 2041 sub
232 1977 485 2062 imperatoribus
502 1977 658 2042 Romanis
681 1978 827 2063 viguere,
852 1982 885 2041 et
907 1976 948 2040 ab
970 1976 1177 2058 Hellenistis,
1201 1999 1283 2062 quos

145 2103 312 2162 vocamus,
328 2083 473 2146 maximo
491 2082 598 2146 studio
615 2083 738 2146 cultum
755 2102 828 2146 esse
844 2101 939 2144 nemo
957 2085 1017 2160 est,
1043 2081 1098 2165 qui
1113 2081 1240 2144 nesciat
1260 2081 1283 2165 ).

145 2186 234 2259 Quin
266 2187 365 2251 etiam
394 2208 499 2271 usque
538 2185 579 2249 ad
617 2186 730 2272 opicae
762 2186 872 2271 poesis
901 2185 993 2248 initia
1024 2183 1119 2248 huius
1153 2185 1283 2269 generis

146 2289 286 2374 vestigia
308 2291 550 2376 persequimur,
577 2311 653 2353 nam
685 2310 759 2354 cum
782 2290 815 2352 in
837 2288 976 2354 Homeri
997 2293 1066 2352 tum
1089 2288 1122 2352 in
1145 2287 1284 2352 Hesiodi

146 2395 285 2478 eiusque
320 2394 452 2458 scholae
488 2393 684 2457 carminibus
720 2394 802 2457 tales
837 2413 1010 2457 occurrere
1045 2391 1283 2478 descriptiones

145 2503 259 2561 notum
284 2503 342 2562 est.
390 2497 514 2561 Verum
537 2496 624 2560 inter
647 2517 760 2560 omnes
783 2495 974 2580 Byzantinis
997 2496 1080 2560 haec
1104 2495 1284 2559 carminum

145 2607 342 2686 argumenta
364 2601 506 2703 margime
530 2605 623 2683 grata
646 2605 750 2680 erant,
774 2620 850 2662 nam
873 2599 1025 2683 quoniam
1047 2599 1112 2662 illis
1129 2599 1283 2684 tempori-

144 2708 208 2771 bus
232 2707 381 2791 longiora
403 2705 547 2770 carmina
569 2705 704 2789 antiquo
728 2724 818 2768 more
842 2703 883 2768 de
907 2703 1006 2767 rebus
1029 2704 1181 2790 mythicis
1205 2725 1283 2768 con-

144 2810 214 2874 dita
240 2811 306 2873 iam
332 2831 394 2874 nec
421 2813 537 2894 poetas
567 2828 628 2872 nec
662 2807 814 2892 legentes
849 2807 1067 2889 adliciebant,
1101 2808 1192 2871 nulla
1219 2807 1284 2872 alia

143 2914 283 2978 materia
324 2912 440 2977 melius
478 2918 582 2976 artem
616 2911 815 2975 rhetoricam
853 2916 886 2974 et
920 2911 1091 2975 metricam
1126 2932 1283 2975 exercere

145 3022 302 3103 poterant
318 3021 436 3102 poetae
452 3016 501 3080 illi
518 3036 615 3100 quam
631 3021 688 3079 aut
703 3013 859 3079 aedificiis
875 3020 933 3079 aut
949 3015 1020 3078 aliis
1036 3015 1114 3079 artis
1131 3014 1284 3099 operibus

143 3121 290 3185 maxima
314 3141 387 3184 cum
410 3119 583 3184 verborum
608 3118 701 3204 copia
724 3116 958 3184 describendis.

149 3250 157 3264 ‘
235 3241 314 3327 Ipsa
336 3241 431 3305 Pauli
447 3240 667 3325 descriptione
691 3243 831 3324 excepta
854 3237 918 3302 duo
934 3237 1122 3302 huiusmodi
1140 3237 1283 3302 carmina

145 3347 265 3412 relicta
299 3351 390 3427 sunt,
414 3365 550 3429 quorum
584 3351 704 3430 poetae
738 3344 843 3409 eidem
879 3345 1010 3409 saeculo
1040 3343 1283 3420 adscribuntur;

145 3472 257 3536 neque
283 3471 379 3535 quam
402 3450 505 3512 multa
527 3454 659 3534 praeter
680 3448 738 3511 illa
760 3454 943 3534 temporum
960 3447 1133 3533 iniquitate
1155 3446 1284 3532 perdita

145 3556 222 3634 sint,
247 3575 305 3640 pro
330 3557 496 3639 comperto
519 3551 690 3616 babemus.
737 3551 805 3616 Sub
828 3551 1003 3616 Anastasio
1028 3552 1125 3629 enim,
1148 3557 1184 3615 ut
1206 3551 1282 3614 bre-

144 3660 230 3723 viter
257 3665 392 3741 tangam
420 3657 501 3721 duas
537 3656 611 3719 illas
640 3656 829 3740 euphrases,
860 3655 1125 3735 Christodorus2)
1155 3653 1284 3740 scripsit

145 3782 295 3843 carmen,
326 3761 416 3825 cuius
442 3762 504 3823 416
534 3759 718 3824 hexametri
743 3760 777 3823 in
806 3760 947 3824 secundo
977 3759 1078 3823 Anth.
1106 3758 1176 3822 Pal.
1199 3758 1282 3822 libro

110 3862 257 3931 ’traditi
293 3869 385 3944 sunt,
426 3863 466 3929 de
502 3863 618 3928 statuis
657 3863 808 3948 Byzantii
846 3864 878 3927 in
915 3863 1084 3948 gymnasio
1121 3863 1283 3948 Zeuxippi

310 3963 329 3987 )Ι

144 3970 262 4057 positis
291 3971 465 4055 (ενφραοις
486 3967 551 4032 τῶν
573 3959 770 4052 ἀγαλμάτων
792 3964 840 4046 εἰς
864 3962 903 4034 τὸ
926 3961 1084 4054 δημόσιον
1107 3961 1284 4053 γυμνάσιον

145 4093 354 4102 .—.———-—

219 4179 239 4245 ¹)
257 4174 377 4243 Videas,
401 4190 473 4242 quae
496 4173 531 4228 de
558 4172 777 4243 descriptionum
801 4191 903 4243 genere
925 4174 996 4228 Brw.
1018 4174 1116 4229 Rohde
1142 4174 1284 4243 praeclare

145 4263 320 4335 explanavit.
358 4261 460 4316 eruca
481 4261 559 4316 Rom.
578 4279 605 4330 p.
624 4261 683 4315 335.

216 4353 238 4418 ¹)
258 4349 297 4405 cf.
311 4349 549 4417 Baumgartenum
561 4345 783 4400 DeOhrtotodmo
790 4352 870 4415 pocta
879 4345 1301 4414 lehoao<Boanoaraaryp.b.

1128 4431 1154 4480 ἢ.
