2774 4724
464 320 727 380 1-25-

96 495 116 551 c
128 512 163 553 τε
179 485 285 553 λίθων
300 488 340 573 τῇ
351 482 492 574 ἁρμονίᾳ
510 485 596 552 ἐντε-
650 487 736 553 νῶτα
748 483 965 574 διαθρύψωσι
977 480 1190 573 ’μεσοδμήτῳ

96 587 157 669 ιὼς
184 590 241 656 καὶ
276 589 415 656 συνδέων
442 584 597 678 ἀλλήλοις
757 590 794 657 δὲ
814 586 968 677 μολύβδῳ

96 690 181 773 τούς.
581 697 584 707 '
649 687 753 782 ἠρέμα
777 695 961 780 πιληθεῖσα
989 688 1087 778 βάσις
1108 692 1190 776 μαλ-

756 793 904 864 θάσσετο
927 794 1059 882 πέτρου.

142 937 303 1000 Homines
316 937 472 1021 templum
486 935 684 999 admirantes
698 936 829 999 omnino
842 955 906 998 non
919 933 1029 997 satiari
1043 937 1189 1018 possunt.

193 1057 306 1124 Procop.
326 1074 353 1124 p.
372 1055 429 1120 179,
442 1055 471 1108 9:
831 1053 910 1107 Paul.
928 1053 1018 1107 1166:

98 1159 111 1225 ὶ
124 1161 223 1224 τοῦτο
237 1152 274 1224 od
286 1153 346 1247 τὴν
355 1152 488 1245 πρώτην
498 1153 598 1242 μόνον
650 1161 719 1238 πᾶς
731 1154 827 1244 κόρος
838 1151 1022 1246 εὗπήληκος
1035 1151 1191 1245 ἐλήλαται

96 1259 159 1329 ἱντι
183 1258 363 1348 ξυμβαίνει,
388 1253 471 1325 ἀλλὰ
491 1261 595 1347 διηνι-
757 1257 893 1326 ἔκτοθεν
915 1255 1017 1327 οἴκου.

96 1393 106 1444 3
129 1361 256 1452 ἑκάστῳ
272 1358 373 1431 ταύτὸ
391 1366 489 1431 τοῦτο
506 1365 596 1430 δοκεῖ

96 1492 165 1556 ’περ
204 1467 349 1534 ἐνταῦθα
390 1468 448 1555 τῆς
484 1462 596 1555 ’ὄψεως

96 1571 240 1660 χομένης.
280 1567 397 1637 τούτου
419 1567 516 1657 κόρον
539 1564 595 1638 οὗ·

96 1676 121 1755 ἒς
144 1677 204 1742 τοῦ
220 1671 390 1760 θεάματος
405 1671 502 1758 ἔλαβε
524 1671 594 1740 πιό-

96 1803 137 1845 ντε
159 1780 226 1845 κτλ.

139 1901 259 1966 Varios
290 1900 431 1986 denique
467 1922 663 1965 marmorum
699 1902 824 1966 colores
859 1903 953 1987 quasi
987 1901 1191 1987 praeteriens

96 2003 245 2088 rstringit

176 2125 292 2194 Procop.
311 2124 470 2193 p.178,23:
649 2126 771 2190 Paulus
794 2120 914 2210 λειμὼν
935 2147 1048 2191 vocem
1065 2122 1190 2211 s'aepis-

96 2227 155 2305 :dd
167 2228 232 2293 τῶν
243 2252 279 2293 τε
290 2222 407 2294 κιόνων
418 2226 475 2294 καὶ
490 2224 597 2294 λίθων
650 2229 730 2294 sime
748 2236 937 2315 usurpatam
962 2253 981 2295 a
1001 2230 1190 2295 recentiori-

96 2327 319 2419 ιριθμήσαιτο
328 2326 388 2420 τὴν
397 2325 597 2419 adaquantur
621 2342 624 2410 1
649 2333 710 2396 bus
735 2332 853 2418 poetis,
878 2339 914 2397 ut
937 2339 1026 2398 recte
1046 2333 1189 2398 Kortue-

96 2463 102 2512 ς
131 2432 170 2502 τὸ
201 2431 287 2520 ἱερὸν
313 2431 597 2518 κεκαλλώπισταις
649 2436 733 2500 mius
769 2443 1015 2518 commemorat,
1054 2442 1088 2501 et
1118 2437 1190 2520 ipse

96 2534 188 2624 μιῦνί
213 2563 264 2616 τις
293 2531 332 2603 dv
357 2536 595 2626 ἐντετυχηκέναι
648 2539 757 2602 1155:

96 2643 176 2722 ξειεν
199 2634 311 2728 ὡραίῳ
333 2637 371 2708 τὸ
395 2635 529 2721 ὄνθος·
652 2683 656 2687 >
691 2636 821 2708 κύκλιον
844 2635 1082 2730 ἅστροχίτιονος
1109 2638 1191 2707 ἰδεῖν

777 2745 919 2830 λειμῶνα
940 2742 1068 2833 χορείης

96 2845 241 2933 ιομάσειε
276 2845 336 2936 γὰρ
370 2843 505 2926 εἰκότως
531 2850 597 2914 τῶν
649 2849 738 2912 etin
761 2849 845 2914 amb.
870 2853 932 2914 227
956 2850 1100 2915 adhibet.

96 2978 112 3015 ν
141 2948 179 3018 τὸ
210 2945 368 3039 ἁλουργὸν
402 2952 466 3016 τῶν
493 2950 529 3017 δὲ
557 2948 595 3018 τὸ
713 2953 885 3018 Marmoris
922 2959 1032 3018 autern
1066 2973 1190 3038 genera

96 3051 188 3137 νᾶζον
204 3076 211 3091 ·
229 3053 286 3121 καὶ
308 3045 359 3133 οἷς
373 3050 411 3120 τὸ
428 3055 596 3141 φοινικοῦν
649 3055 779 3122 diversa
802 3079 979 3143 eorumque
997 3058 1121 3122 colores
1140 3058 1190 3120 lu-

96 3162 198 3224 ανθιῖ
236 3155 293 3224 καὶ
331 3145 376 3222 ὧν
409 3158 447 3223 τὸ
484 3155 597 3225 invado
648 3159 843 3225 tentissime
906 3182 1036 3246 semper
1092 3166 1191 3245 atquc

96 3256 307 3347 rccrqdrcrec,
334 3257 383 3327 dcc
405 3259 516 3346 μέντοι
538 3260 596 3328 καὶ
648 3264 793 3327 maxima
815 3284 888 3327 cum
903 3262 1079 3329 verborum
1096 3265 1200 3349 copia

96 3388 115 3437 :
140 3368 213 3444 ταῖς
243 3359 494 3443 ἐναντιωτάταις
520 3389 596 3430 τοι·
649 3365 814 3432 describit.
832 3368 872 3433 cf.
886 3368 922 3431 ΙΙ
939 3370 994 3430 201
1016 3388 1084 3452 sqq.
1104 3367 1191 3431 amb.

96 3466 158 3533 ,λιι
200 3472 344 3554 χροιαῖς,
390 3462 501 3553 ὥσπερ
545 3493 596 3548 τις
651 3472 711 3533 109
729 3492 797 3556 sqq.

96 3566 226 3660 κράνος
248 3565 268 3661 λ
292 3567 400 3660 φύσιν
585 3567 589 3576 '

144 3694 205 3757 Tot
227 3694 339 3758 inveni
361 3694 449 3757 locos
473 3692 647 3778 diligenter
670 3701 859 3780 comparata
885 3700 1023 3781 utraque
1047 3695 1191 3780 descrip-

96 3814 155 3878 ne‚
178 3798 295 3884 quibus
318 3797 365 3860 ita
387 3798 473 3862 inter
496 3817 530 3860 se
547 3817 726 3881 congruere
743 3799 823 3863 mihi
838 3800 990 3865 videntur
1011 3800 1135 3864 Paulus
1159 3805 1192 3863 et

96 3903 251 3988 ocopius‚
286 3900 437 3964 utillum
461 3899 694 3966 caesareensis
719 3901 970 3989 descriptionem
997 3923 1062 3967 non
1086 3903 1192 3966 solum

96 4005 238 4070 scitasse
265 4003 324 4069 sed
341 4005 439 4068 etiam
463 4004 516 4068 hic
533 4004 599 4069 illic
615 4004 775 4083 imitatum
793 4026 866 4070 esse
883 4004 968 4091 apud
991 4027 1044 4069 me
1061 4004 1190 4090 quidem

115 4109 262 4174 confesso
285 4109 335 4173 sit.

146 4209 209 4276 Sed
222 4214 287 4276 iam
302 4210 609 4295 transgrediendum
631 4216 682 4276 est
706 4212 747 4276 ad
763 4213 870 4298 ipsum
885 4214 1045 4299 poematis
1062 4213 1193 4277 Paulini

96 4322 346 4399 momentum,
373 4336 415 4378 ex
446 4335 509 4399 quo
541 4317 688 4400 quamvis
718 4316 805 4381 haud
828 4317 874 4381 ita
897 4317 1031 4403 copiose
1060 4323 1191 4382 narrato

96 4430 189 4485 umen
211 4418 290 4486 illud
315 4440 381 4485 non
406 4418 475 4485 sine
499 4425 571 4486 crte
596 4421 813 4508 compositum
835 4439 909 4485 esse
933 4421 1128 4507 apparetis.
