2774 4724
578 274 791 334 ..55-

206 464 232 507 o.
260 443 429 507 Priores
452 443 597 507 theses
619 442 678 505 has
702 443 787 507 solas
809 443 843 506 in
859 441 1077 527 descriptione
1101 444 1252 507 elisiones

126 546 295 611 exhibent:
318 545 358 625 δ’,
381 544 420 623 τ’,
443 543 515 610 κατ’
527 544 562 631 1).
587 585 628 594 -
652 545 680 610 d’
704 547 738 609 in
760 546 843 631 pede
866 544 893 611 Ι.
919 551 952 610 et
974 545 1033 620 V.;
1055 546 1089 609 in
1112 547 1252 611 ambone

124 655 229 713 autem
253 650 356 713 semel
379 649 423 731 (v.
441 649 496 734 86)
520 650 554 713 in
577 649 661 735 pede
676 649 736 713 IV.
760 656 793 714 et
815 651 918 714 semel
935 650 1032 713 etiarn
1054 650 1088 713 in
1106 649 1190 735 pede
1206 650 1251 712 II.

125 751 275 836 (a.151);
302 789 336 799 -
362 751 434 816 κατ’
458 754 491 815 in
507 753 644 817 ambone
666 754 717 817 bis
740 755 773 816 in
793 754 877 839 pede
892 753 964 835 IV,
986 751 1015 818 τ’
1037 754 1070 816 in
1094 753 1177 839 pede
1193 752 1251 838 I.²)

122 855 192 919 Non
213 856 394 936 miraberis,
411 857 496 941 quod
512 857 605 941 pedis
619 857 663 921 ΙΙ.
680 858 792 922 theses
810 864 843 922 et
858 858 1018 942 posterior
1040 863 1073 921 et
1088 857 1176 942 prior
1193 857 1251 922 eli·

124 960 213 1022 sione
236 964 364 1035 vacant,
388 959 471 1022 siin
495 961 684 1024 memoriam
708 961 927 1039 revocaveris,
956 981 1039 1044 quae
1062 980 1161 1044 supra
1183 960 1251 1023 dixi

122 1062 245 1126 dehac
268 1046 346 1126 sede
369 1062 564 1141 hexametri,
588 1084 684 1147 quam
707 1063 971 1147 Baumgartenus
987 1062 1033 1147 (p.
1052 1061 1106 1147 34)
1130 1062 1250 1126 delica-

121 1167 276 1229 tissimam
297 1165 484 1229 nominavit.
518 1165 703 1250 Numquam
717 1168 809 1230 elisio
824 1168 859 1230 in
869 1168 978 1252 priore
991 1167 1076 1230 thesi
1087 1166 1179 1252 pedis
1188 1165 1250 1231 III.

120 1270 140 1333 i.
164 1290 191 1333 e.
222 1269 255 1332 in
286 1288 423 1332 caesura
456 1263 541 1333 κατὰ
569 1265 679 1354 τρίτον
706 1272 859 1355 τροχαῖον
889 1270 1079 1335 admittitur.
1133 1269 1250 1354 Itaque

120 1393 221 1458 paene
245 1372 344 1435 nimia
367 1378 457 1436 esset
479 1373 613 1437 licentia
635 1375 669 1436 in
691 1375 731 1438 A.
753 1373 791 1436 Ρ.
815 1372 846 1436 V
863 1376 972 1451 2725

203 1468 305 1562 ἥμισυ
327 1468 387 1558 γὰρ
410 1469 537 1560 Παφίῃ,
561 1469 599 1539 τὸ
622 1473 651 1539 δ’
675 1467 725 1560 ἄρ’
748 1469 850 1562 ἥμισυ
873 1474 973 1539 δῶκεν
992 1466 1128 1560 Ἀθήιςη,

119 1578 180 1641 nisi
195 1578 256 1641 hoo
273 1579 344 1642 loco
361 1598 497 1640 caesura
513 1577 575 1642 111.
591 1578 748 1643 feminina
765 1577 895 1641 omnino
911 1577 1139 1641 obscuraretur
1154 1577 1251 1640 semi·

119 1682 273 1766 quinaria.

203 1784 307 1849 Multo
338 1786 443 1849 rarius
474 1787 572 1870 igitur
603 1786 729 1871 priores
761 1785 873 1848 theses
902 1784 1072 1848 elisionem
1094 1782 1252 1846 exhibent

119 1909 214 1973 quam
248 1889 463 1973 posteriores;
501 1889 571 1953 sola
602 1889 718 1953 vocula
751 1886 780 1952 δ’
811 1888 942 1972 saepius
972 1887 1005 1949 in
1032 1886 1096 1949 illis
1119 1885 1250 1970 legitur.

119 1991 214 2077 Apud
237 1993 391 2056 Nonnum
420 1993 519 2056 etiam
546 1992 805 2078 praepositiones
834 1989 887 2070 δι’,
911 1990 993 2070 κατ’,
1016 1989 1097 2072 μετ’,
1120 1987 1178 2054 ὑπ’
1203 1988 1250 2052 sio

119 2094 324 2159 adhibentur.
376 2090 420 2159 τέ
454 2100 564 2159 autem
597 2096 748 2158 voculam
782 2116 801 2157 a
830 2092 1038 2157 Ohristodoro
1067 2098 1100 2156 et
1126 2090 1250 2156 Ioanne

99 2197 248 2267 ,Gazaeo
274 2235 310 2244 -
336 2199 453 2260 mirum
476 2198 566 2261 dictu
594 2198 787 2260 -omnino
819 2197 951 2260 vitatam
960 2195 986 2280 ³)
1020 2195 1157 2259 Nonnus
1184 2216 1250 2259 non

119 2300 209 2364 elidit
232 2300 294 2363 nisi
316 2300 350 2362 in
376 2300 503 2363 arsibus
536 2305 592 2363 aut
622 2300 655 2362 in
686 2300 789 2363 altera
812 2299 898 2362 thesi
921 2299 1013 2384 pedis
1029 2298 1087 2382 Is)
1111 2299 1249 2362 Alienus

119 2408 170 2468 est
191 2404 231 2467 ab
254 2402 317 2467 hoc
339 2424 410 2482 usu,
434 2409 470 2466 ut
493 2402 644 2482 vidimus,
667 2402 800 2480 Paulus,
824 2402 880 2487 qui
903 2402 987 2465 hanc
1011 2403 1195 2466 encliticam
1218 2409 1252 2466 et

116 2507 152 2569 in
166 2506 403 2590 posterioribus
427 2511 460 2568 et
481 2506 515 2568 in
530 2505 689 2591 prioribus
706 2506 854 2569 thesibus
871 2507 1018 2590 quamvis
1037 2528 1111 2571 raro
1133 2507 1252 2592 posuit.

202 2614 232 2672 4.
267 2609 390 2673 Omnes
413 2608 481 2672 fere
497 2608 646 2685 hiatus,
671 2609 724 2693 qui
741 2608 869 2672 obviam
884 2609 965 2673 fiunt
988 2611 1022 2672 in
1036 2610 1131 2674 Pauli
1146 2608 1252 2674 Silen-

115 2712 202 2775 tiarii
218 2712 429 2794 hexametris,
446 2712 592 2776 eiusdem
609 2714 739 2798 generis
757 2719 842 2793 sunt,
859 2714 946 2798 quod
958 2714 1033 2777 inde
1050 2715 1091 2778 ab
1107 2714 1251 2778 Homero

115 2817 224 2880 cuncti
245 2823 365 2902 poetae
389 2817 472 2903 epici
495 2816 801 2902 frequentaverunt:
826 2817 1050 2903 diphthongus
1074 2823 1131 2881 aut
1154 2819 1252 2901 longa

114 2920 238 2984 vocalis
261 2926 337 2984 ante
360 2921 506 2984 vocalem
531 2921 700 3004 sequentis
723 2921 815 2985 verbi
837 2920 1054 3006 corripiuntur

202 3045 231 3090 a.
253 3024 286 3088 in
310 3025 538 3109 posteriore
563 3024 685 3109 dactyli
707 3025 817 3088 brevi
841 3024 976 3109 syllaba.

202 3126 291 3191 Inter
317 3131 377 3193 185
407 3130 493 3193 eninr
521 3129 631 3193 hiatus
659 3131 718 3192 176
741 3129 838 3193 huius
862 3129 994 3214 generis
1017 3128 1051 3191 in
1072 3127 1169 3191 Pauli
1192 3128 1249 3193 de-

116 3231 293 3315 scriptione
322 3233 518 3314 invenimus,
549 3234 604 3318 qui
627 3233 812 3298 efficiuntur
835 3234 970 3318 syllabis
994 3257 1039 3312 αι,
1064 3255 1105 3312 οι,
1122 3255 1160 3312 ει,
1179 3255 1251 3317 ω,η

114 3336 284 3420 correptis.
307 3373 346 3382 -
372 3359 416 3400 αι
440 3337 616 3422 praecipue
645 3336 901 3422 deprehenditur
923 3358 996 3400 oum
1020 3336 1053 3399 in
1077 3336 1250 3400 verborum

114 3437 228 3502 formis
252 3436 323 3523 (82)
357 3445 425 3502 tum
453 3441 486 3502 in
521 3441 683 3525 particula
708 3435 767 3505 καί
791 3438 861 3525 (85)
870 3464 877 3516 ;
905 3440 1066 3503 adiectiva
1092 3461 1158 3503 non
1188 3439 1250 3502 nisi

116 3541 182 3606 duo
203 3534 355 3627 (ἀθρόαι,
372 3539 532 3620 ἐναντίαι)
554 3543 685 3608 finalem
702 3544 862 3628 syllabam
879 3548 1060 3628 correptam
1079 3543 1248 3629 praebent.

116 3681 160 3692 -—
182 3668 221 3709 οι
242 3644 443 3729 diphthongo
460 3645 629 3729 quinquies
652 3647 779 3709 exsistit
806 3646 859 3709 hio
882 3646 1006 3711 hiatus:
1029 3640 1090 3727 μοι’
1113 3644 1171 3729 (3).
1195 3642 1256 3723 σοι’,

117 3747 179 3834 (1).
201 3741 306 3813 ἄπιοι
329 3747 388 3832 (l).
417 3784 458 3793 -
485 3747 636 3832 Denique
669 3748 812 3833 syllabas
835 3773 874 3829 ει,
899 3773 935 3830 ω,
958 3743 981 3838 ἥ
1004 3749 1106 3813 semel
1128 3748 1248 3812 Paulus

117 3872 321 3881 ..-—-—--

205 3941 224 4005 1)
244 3937 283 3992 cf.
302 3936 388 3991 etiam
406 3936 548 3990 Ludwich.
566 3937 637 3990 Mus.
655 3937 707 3991 Rh.
726 3938 831 3993 XXXV
849 3958 876 4008 p.
888 3940 941 3994 500
955 3957 1014 4007 sqq.

204 4026 224 4093 ²)
244 4023 299 4078 Cur
311 4022 434 4077 Graefius
447 4023 473 4075 ΙΙ
487 4024 537 4076 122
555 4023 656 4077 codicis
668 4023 817 4079 lectionem
835 4024 864 4084 ἓξ
875 4024 930 4097 γὰρ
950 4025 995 4077 ὑπ’
1014 4019 1089 4095 αὐτῷ
1100 4025 1250 4079 correxerit

117 4112 147 4165 in
165 4111 193 4172 ἓξ
212 4112 235 4164 d
254 4107 297 4182 ἄρ’
315 4111 361 4164 ὁπ’
382 4107 467 4165 αὐτοῦ
485 4113 613 4180 equidem
632 4113 726 4167 nullus
745 4113 834 4172 video.

205 4200 225 4267 8)
243 4199 282 4254 cf.
306 4199 448 4253 Ludwioh.
474 4199 560 4253 Reor.
583 4218 609 4268 p.
625 4201 667 4253 33.
713 4200 822 4253 Primus
847 4200 881 4253 de
904 4198 987 4253 huius
1014 4198 1170 4267 particulae
1196 4218 1248 4253 usu

118 4286 266 4341 Nonniano
284 4286 344 4356 egit
362 4287 492 4340 Lehrsius
511 4305 558 4354 qu.
578 4287 647 4356 cpio.
666 4286 705 4340 IV
723 4304 751 4356 p.
763 4287 814 4341 294
832 4304 892 4356 sqq.

205 4373 226 4443 4)
245 4373 284 4429 cf.
302 4373 443 4429 Ludwich.
463 4375 482 4429 l.
500 4374 517 4429 l.
536 4391 564 4446 p.
578 4373 611 4428 22
630 4391 692 4447 sqq.
