2774 4724
656 331 871 392 „42-

197 506 281 562 sunt.
329 499 383 562 Sic
406 498 446 562 ad
468 498 675 585 Triphiodori
699 500 752 563 ilii
778 502 1055 585 expugnationem
1078 501 1295 565 Wernickius
1309 502 1333 584 ¹)

197 601 425 667 adnotationes
454 624 615 688 persaepe
639 604 787 668 laudatas
812 605 951 690 scripsit,
974 605 1007 667 in
1031 604 1148 688 quibus
1173 626 1239 668 non
1264 626 1333 668 raro

195 727 288 769 usum
326 707 495 770 metricum
531 708 650 791 attigit.
710 706 1006 792 Baumgartenus2)
1045 729 1122 771 vero
1154 729 1261 793 nuper
1297 708 1334 771 de

197 808 405 874 Christodoro
431 810 695 875 dissertationem
719 812 804 875 foras
829 812 927 890 dedit,
952 812 1043 875 cuius
1067 812 1170 875 maior
1195 834 1272 897 pars
1297 812 1335 876 de

196 920 265 976 arte
282 913 419 976 metrica
443 919 475 976 et
493 912 533 977 de
550 913 691 978 dictione
709 914 804 978 huius
820 922 937 1000 poetae
958 919 1008 978 est
1032 913 1055 998 ).

282 1013 444 1099 Equidem
474 1015 635 1099 quomodo
658 1015 782 1079 Paulus
807 1016 1014 1081 Silentiarius
1046 1017 1079 1080 in
1103 1018 1242 1081 metrica
1268 1024 1335 1081 arte

197 1118 378 1182 excolenda
400 1118 510 1182 Nonni
538 1119 676 1203 vestigia
698 1126 891 1204 persecutus
915 1122 971 1200 sit,
1002 1122 1035 1183 in
1063 1120 1123 1184 hoc
1145 1122 1255 1207 capite
1280 1121 1335 1185 de-

195 1227 376 1286 monstrare
386 1222 537 1301 conabor,
547 1224 579 1286 in
589 1243 652 1306 quo
665 1223 924 1308 dispositionem,
932 1225 1062 1308 qualem
1072 1225 1337 1308 Baumgartenus

196 1324 361 1405 adhibuit,
397 1327 538 1391 retinere
572 1348 636 1390 non
669 1328 811 1391 alienum
845 1328 923 1391 mihi
958 1328 1144 1407 videbatur,
1185 1334 1217 1392 et
1253 1328 1337 1413 quod

196 1429 318 1492 nullam
343 1430 500 1513 aptiorem
522 1430 599 1493 huic
623 1432 780 1495 materiae
806 1452 878 1496 esse
902 1439 998 1516 puto,
1031 1438 1065 1496 et
1088 1432 1190 1516 quod,
1214 1433 1242 1495 si
1267 1432 1336 1517 quis

199 1531 402 1596 Christodori
426 1539 458 1596 et
481 1532 575 1597 Pauli
599 1534 691 1618 leges
715 1535 798 1599 inter·
822 1556 857 1599 se
880 1556 1071 1620 comparare
1087 1536 1249 1614 voluerit,
1274 1536 1335 1599 hoc

198 1635 294 1699 modo
319 1636 458 1700 celerius
482 1636 643 1700 adfinem
667 1638 846 1723 perveniet.

285 1738 356 1803 Hoc
380 1745 490 1803 autem
514 1741 688 1825 praemitto
713 1740 959 1805 observationes
982 1762 1073 1805 meas
1098 1747 1253 1827 spectare
1277 1743 1337 1806 im-

202 1843 314 1927 primis
339 1842 379 1905 ad
395 1864 533 1927 magnae
552 1845 712 1908 ecelesiae
728 1844 992 1929 descriptionem,
1018 1845 1096 1928 quia
1118 1845 1181 1909 hoc
1205 1867 1338 1910 carmen

202 1947 364 2010 continuis
392 1946 592 2011 hexametris
624 1947 789 2012 eonditum
813 1955 871 2012 est.
918 1947 1202 2033 Epigrammatum
1226 1956 1338 2014 autem

197 2057 301 2113 artem
331 2051 497 2114 metricam
529 2057 597 2114 tum
632 2050 762 2115 demum
794 2051 1138 2131 commemorabimus,
1175 2053 1200 2114 si
1232 2073 1274 2116 ea
1303 2073 1337 2115 re

198 2157 374 2241 conspicua
398 2162 461 2236 est,
486 2154 571 2239 quod
595 2164 694 2239 poeta
716 2154 812 2220 valde
836 2154 972 2219 discedit
994 2176 1014 2217 a
1036 2155 1161 2239 regula.
1208 2153 1336 2228 Quibus

198 2261 230 2322 in
255 2259 452 2332 carminibus
485 2259 511 2321 si
535 2261 632 2344 paulo
660 2259 845 2323 liberiorem
868 2259 1089 2323 invenerimus
1113 2258 1207 2323 Pauli
1230 2282 1337 2341 usum,

198 2385 260 2427 non
284 2363 495 2435 mirabimur;
518 2363 600 2427 haec
624 2363 709 2425 enirn
726 2362 859 2426 licentia
882 2362 953 2446 ipsa
975 2361 1071 2426 huius
1088 2383 1231 2448 poeseos
1256 2364 1337 2428 levi-

199 2471 266 2529 tate
290 2487 355 2529 non
380 2466 484 2529 solum
508 2466 586 2529 satis
604 2473 788 2545 excusatur,
813 2465 870 2529 sed
894 2466 992 2529 etiam
1014 2486 1120 2550 paene
1142 2468 1337 2552 postulatur.

289 2576 315 2632 1.
351 2569 421 2631 Iam
447 2569 672 2649 Hermannus,
698 2590 770 2633 cum
794 2568 834 2633 de
860 2574 1021 2633 structura
1043 2568 1230 2634 hexametri
1247 2572 1337 2635 Non-

196 2674 285 2737 niani
317 2671 511 2752 dissereret,
547 2674 650 2757 primo
686 2674 757 2737 loco
787 2673 913 2736 animos
943 2671 985 2735 ad
1013 2673 1214 2757 singularem
1245 2675 1339 2738 illum

196 2800 290 2842 usum
316 2778 483 2855 convertit,
508 2778 563 2862 qui
587 2779 748 2842 neminem
774 2778 877 2841 latere
902 2784 1021 2862 potest,
1046 2777 1238 2862 quietique
1262 2779 1334 2842 dili-

197 2883 307 2966 gentia
324 2881 555 2966 Panopolitani
578 2903 693 2945 versus
717 2881 870 2944 observet
894 2881 928 2960 (l.
945 2881 965 2946 l.
982 2902 1013 2965 p.
1030 2883 1116 2962 696).
1161 2880 1225 2945 Est
1250 2884 1337 2945 enim

196 2985 477 3070 frequentissimus
496 3006 574 3048 usus
599 3005 788 3050 caesurae
812 2984 1043 3048 trochaicae
1066 2984 1210 3048 tertiae
1234 2980 1337 3067 (κατὰ

195 3084 305 3174 τρίτον
327 3089 504 3174 τροχαῖον),
530 3110 613 3173 quae
639 3089 769 3152 omnino
793 3090 960 3174 praevalet
984 3094 1060 3152 ante
1082 3108 1256 3152 caesuram
1284 3112 1337 3154 se-

200 3193 428 3277 miquinariam
451 3190 770 3276 (penthemimeren).
816 3190 917 3255 Cuius
938 3212 1017 3255 usus
1041 3191 1081 3256 de
1099 3191 1206 3255 causis
1223 3195 1338 3258 variae

202 3297 409 3360 coniecturae
440 3296 647 3379 excogitatae
679 3301 767 3376 sunt,
796 3295 885 3359 velut
908 3317 928 3359 a
950 3295 1192 3380 Baumgarteno
1216 3295 1265 3380 (p.
1282 3297 1338 3381 24)

200 3404 232 3462 et
255 3421 275 3462 a
296 3397 510 3462 Scheindlero
535 3396 644 3481 (Stud.
660 3397 801 3463 Vindob.
822 3401 912 3463 1880.
935 3421 967 3484 p.
987 3401 1053 3483 42).
1099 3398 1181 3461 Mihi
1204 3399 1340 3483 quidem

198 3503 281 3566 haec
305 3523 358 3565 res
373 3501 550 3566 cohaerere
565 3501 694 3565 videtur
707 3523 778 3565 eum
792 3503 944 3566 universo
954 3502 985 3565 N
987 3502 1063 3565 onni
1080 3501 1187 3566 studio
1206 3525 1341 3590 semper

198 3604 421 3685 observando,
452 3625 514 3689 quo
540 3610 720 3668 commotus
744 3611 842 3690 poeta
865 3626 994 3669 versum
1018 3606 1203 3686 heroicum,
1228 3609 1340 3691 quoad

287 3778 307 3843 ¹)
329 3775 521 3848 Τρυφιοδώρου
540 3771 638 3834 ἅλωσις
654 3769 735 3826 Ἰλίου
762 3775 850 3829 edidit
868 3775 911 3829 Fr.
930 3777 1000 3844 Aug.
1014 3775 1171 3830 Wcrnicke.
1224 3777 1341 3847 Lipsiae

197 3864 272 3919 1819.

284 3952 303 4013 ²)
330 3947 486 4002 Fridericus
518 3948 707 4015 Baurugarten
740 3949 804 4013 „De
836 3947 1014 4002 Christodoro
1049 3951 1135 4017 poeta
1174 3949 1341 4006 Theban0.“

195 4035 308 4088 Bonnae
330 4036 404 4088 1881.

284 4124 304 4187 ³)
324 4122 394 4174 Item
413 4137 502 4189 nuper
520 4119 692 4173 Ricardus
712 4119 860 4174 Helland
878 4121 909 4173 in
922 4121 1213 4188 commentationibus,
1235 4124 1341 4192 quibus

197 4207 296 4261 Ottoni
313 4207 468 4260 Ribbeckio
487 4206 720 4274 congratulantur
739 4205 868 4275 discipuli
888 4207 1045 4275 Lipsienses
1065 4208 1154 4275 (1888)
1172 4227 1200 4277 p.
1212 4209 1266 4264 383
1280 4230 1341 4280 sqq.

196 4294 251 4361 (‘de
270 4293 378 4361 Alpheo
398 4294 426 4345 et
444 4292 602 4358 Arethusa')
622 4291 759 4345 uberrime
781 4292 823 4346 ita
841 4292 999 4361 disputavit
1017 4293 1051 4346 de
1066 4293 1261 4365 Anthologiae
1279 4298 1340 4353 Pal.

192 4397 275 4434 carm.
296 4379 339 4433 IX
349 4379 411 4446 362,
430 4380 463 4433 ut
482 4395 552 4448 quas
571 4377 713 4432 deNonni
729 4381 790 4432 arte
808 4379 925 4432 metrica
939 4379 1147 4434 constituerunt
1164 4381 1252 4453 leges,
1271 4402 1341 4439 num

176 4483 278 4524 revera
298 4467 456 4524 adhibitae
477 4469 583 4534 essent,
602 4466 759 4537 diiigenter
779 4463 962 4519 examinaret.
