2774 4724
635 279 850 345 ...82-

172 449 262 530 loois‚
278 450 396 536 quibus
421 472 463 514 ex
479 445 559 536 πρίν
576 451 803 516 coniunctione
820 450 1015 515 indicativus
1031 452 1131 516 futuri
1146 452 1313 538 pendet¹)‚

175 576 305 641 semper
333 556 366 618 in
395 556 500 642 prima
524 554 685 619 sententia
708 562 765 618 aut
788 556 918 640 oupitur
934 544 1062 640 'aliquid
1086 563 1144 620 aut
1166 562 1314 631 vetatur3

175 659 234 723 sed
256 666 330 744 post
351 680 477 722 merum
501 667 630 744 tempus
653 659 868 743 praeteritum
890 659 1041 723 voculam
1064 655 1145 745 πρίν
1168 681 1242 724 oum
1266 661 1314 723 in-

174 763 314 827 dicativo
351 761 450 825 futuri
484 762 687 826 coniunctam
720 762 872 847 equidem
907 783 973 851 non
1003 763 1124 828 inveni.
1154 801 1195 811 —-
1231 763 1314 827 Oum

175 866 306 931 Graefio
339 873 447 931 autem
478 862 588 945 ἔλεξας
611 867 709 930 scribi
731 867 823 946 n010,
851 867 943 952 quia,
973 867 1314 952 praeterquamquod

174 971 301 1034 finitum
319 971 454 1035 verbum
469 975 544 1056 post
558 963 638 1056 πρίν
653 969 802 1035 voculam
822 991 888 1034 nou
904 971 1043 1035 ooourrit
1059 970 1147 1056 apud
1161 970 1313 1050 Paulum,

173 1074 293 1138 inferre
321 1073 426 1138 textui
454 1079 742 1159 proparoxytonon
773 1073 929 1138 audacius
958 1094 1031 1139 esse
1064 1075 1144 1137 mihi
1173 1073 1314 1139 videtur.

175 1177 296 1242 Verum
321 1176 462 1241 offendit
479 1183 548 1240 tota
569 1177 731 1240 sententia
753 1178 863 1260 χεῖρας
885 1170 1008 1242 ἔντεσιν
1029 1171 1180 1257 ἔλίσσειν,
1204 1198 1312 1262 neque

176 1280 264 1344 enim
287 1280 375 1345 aliud
399 1280 587 1366 exemplum
610 1280 707 1343 huius
730 1280 831 1345 mirae
855 1301 934 1345 sane
957 1282 1130 1346 verborum
1155 1281 1313 1346 eoniuno-

175 1386 273 1449 tionis
297 1385 466 1471 reperitur.
511 1384 628 1468 Itaque
653 1384 727 1468 quia
751 1384 938 1449 oonieotura
959 1385 1045 1448 huno
1069 1387 1176 1449 locum
1193 1405 1312 1448 sanan-

175 1488 252 1552 dum
282 1509 354 1552 esse
381 1487 482 1568 duoo,
511 1506 669 1572 propono:
700 1483 781 1571 πρὶν
808 1480 900 1551 ἔντεα
921 1489 1031 1574 χεῖρας
1053 1482 1160 1566 ἑλίξαι
1184 1489 1312 1573 „prius-

176 1612 271 1674 quam
302 1611 418 1655 manus
449 1611 539 1654 arma
571 1589 788 1654 vibrassent“.
834 1589 901 1654 Sed
929 1590 1067 1654 fortasse
1095 1591 1202 1675 magis
1226 1591 1313 1654 adri-

176 1695 254 1759 deat
287 1693 532 1759 Stadtmuelleri
555 1693 763 1773 coniectura,
792 1714 890 1778 quam
914 1695 1049 1758 comiter
1070 1715 1199 1758 meeum
1224 1715 1313 1757 oom-

177 1797 364 1860 munioavit.
407 1797 445 1860 Iu
476 1797 592 1860 litteris
621 1796 707 1859 enim
733 1798 844 1882 χεῖρας
871 1791 1014 1862 {latere
1038 1796 1139 1860 verba
1161 1787 1256 1879 χεῖρά
1278 1819 1315 1862 σε

178 1902 363 1986 suspicatus
380 1901 574 1965 oonieotavit
596 1901 645 1963 vir
660 1900 788 1964 doetus:
812 1897 892 1985 πρὶν
907 1894 1010 1966 ἔντεσι
1031 1893 1124 1985 χεῖρά
1146 1922 1185 1965 σε
1205 1900 1314 1984 μῖξαι.

187 2011 190 2016 ’
263 2004 392 2085 Restat,
415 2010 451 2067 ut
474 2003 671 2068 sententiam
695 2023 801 2067 meam
823 2003 986 2088 proferam
1010 2002 1051 2079 de
1074 2025 1103 2069 v.
1127 2003 1239 2084 1159,
1273 2003 1314 2066 de

176 2129 240 2192 quo
269 2113 433 2194 postremo
466 2128 565 2192 agere
594 2106 703 2172 malui.
747 2105 832 2170 Nam
860 2113 896 2170 ut
926 2108 1026 2172 etiam
1059 2129 1101 2171 ex
1129 2107 1191 2171 hoo
1218 2127 1315 2171 versu

177 2212 318 2275 eicerem
350 2217 636 2296 proparoxytonon
666 2209 700 2274 iu
722 2209 833 2274 oodioe
855 2209 1005 2274 Palatino
1027 2209 1195 2290 traditum,
1218 2232 1239 2274 a
1262 2231 1315 2273 me

176 2315 354 2400 impetrare
384 2335 449 2378 non
480 2315 587 2400 potui,
621 2320 798 2399 propterea
826 2313 912 2398 quod
941 2334 1039 2377 sensu
1068 2313 1151 2377 illud
1182 2315 1315 2377 omnino

176 2418 335 2502 postulari
358 2417 496 2482 videtur.
523 2416 592 2483 of.
616 2416 651 2479 ΙΙ
667 2420 707 2480 57
725 2437 793 2502 sqq.

331 2517 438 2603 μέσσα
460 2511 676 2604 parcipitur
699 2558 740 2567 -
764 2557 805 2566 -

332 2615 513 2700 όπταλέαις
534 2617 728 2688 πλίνθοισιν
750 2613 894 2708 ἀρηρότα
916 2614 1040 2710 δήσατε
1061 2619 1155 2710 τέχνη

331 2720 415 2813 dape
437 2725 474 2792 δὲ
496 2721 670 2812 πετραίοιο
692 2719 836 2810 νερόατα
858 2724 946 2813 πῆξε
968 2719 1120 2808 δόμοιο.

176 2826 349 2916 πετραίοιο
366 2830 578 2895 Hermannus
596 2830 783 2894 coniectura
804 2829 959 2913 reposuit,
983 2829 1017 2914 ip
1040 2828 1155 2893 oodioe
1175 2827 1314 2915 πετραί-

176 2956 243 3000 οισι
268 2942 342 3000 stat.
387 2934 502 3018 itaque
523 2931 733 2996 Ludwiohius
758 2932 793 3017 (l.
810 2932 831 2998 1.
847 2953 879 3017 p.
897 2934 971 3014 453)
995 2927 1149 3016 δομαίοις
1172 2935 1316 2998 correxit

176 3059 234 3124 pro
258 3038 358 3103 verbo
374 3030 502 3120 δόμοιο.
549 3035 615 3100 Sed
639 3031 671 3101 oi
687 3034 824 3126 δομαῖοι
840 3035 1035 3102 vocabulum
1051 3037 1176 3121 paucis,
1192 3037 1316 3121 quibus

176 3143 356 3221 invenitur,
382 3142 463 3205 loois
492 3141 583 3205 velut
613 3139 699 3225 apud
721 3139 874 3203 Nonnum
898 3143 929 3215 5,
945 3142 1001 3219 63,
1027 3139 1075 3205 'nil
1104 3140 1191 3204 aliud
1214 3163 1316 3226 quam

176 3243 343 3327 θεμέθλια
361 3245 523 3329 signifieat
539 3243 594 3326 (of.
610 3243 813 3328 Hesychium
829 3265 856 3306 s.
873 3263 902 3306 v.
920 3237 1100 3327 dopoiovg':
1117 3238 1314 3325 ,,οἰκόπεδα,

131 3351 136 3363 ’
175 3344 399 3433 θεμελίοτς“).
445 3345 538 3419 Quae
556 3347 751 3432 significatio
767 3367 901 3432 prorsus
917 3367 982 3410 non
1000 3345 1140 3431 quadrat
1161 3347 1203 3411 ad
1226 3347 1316 3413 hune

176 3452 298 3526 looum;
331 3473 406 3516 nam
434 3451 511 3536 quid
541 3451 603 3515 sibi
636 3451 738 3514 velint
759 3448 985 3531 fundamenta,
1019 3471 1082 3514 non
1105 3451 1315 3536 perspicitur.

175 3549 278 3636 δόμος
305 3560 415 3618 autem
444 3573 510 3618 vox
543 3553 661 3618 dieitur
689 3553 730 3618 de
760 3553 906 3638 lapidum
931 3552 1058 3633 ordine,
1087 3552 1128 3620 of.
1152 3553 1315 3619 Herodot.

175 3658 279 3723 1179.
311 3657 423 3722 11127
454 3658 506 3721 vel
529 3656 664 3724 Diodor.
687 3657 760 3720 164
787 3657 840 3720 vel
862 3656 978 3742 Polyb.
1001 3656 1101 3740 X22‚
1120 3661 1148 3725 7.
1193 3659 1316 3746 Itaque

175 3756 293 3845 δόμοιο
316 3760 487 3824 tutandum
511 3782 584 3824 esse
608 3765 702 3846 puto,
734 3760 809 3845 quia
831 3765 931 3843 poeta
953 3759 1023 3824 hoo.
1038 3760 1112 3826 looo
1134 3760 1174 3824 de
1197 3763 1317 3828 ordine

176 3887 331 3929 saxorum
365 3864 505 3948 cogitat,
540 3864 656 3948 quibus
690 3862 813 3948 apsidis
846 3883 922 3927 orae
950 3864 1041 3947 quasi
1076 3864 1317 3933 oiroumolusae

176 3975 260 4033 sunt.
307 3963 496 4054 πετραίοισι
527 3973 637 4032 autem
668 3968 797 4032 dativus
830 3968 953 4032 librarii
977 3969 1080 4034 errori
1100 3969 1316 4054 imputandus

175 4078 236 4152 est,
260 4073 316 4157 qui
337 4072 479 4136 fortasse
503 4071 728 4136 antecedentis
752 4092 867 4135 versus
890 4069 1009 4136 dativis
1029 4067 1221 4153 (πλίνθοισι
1247 4064 1317 4141 ότι-

264 4296 284 4357 1)
302 4293 424 4361 Collegit
443 4309 489 4346 eos
507 4293 647 4348 lacobsius
665 4293 701 4346 ad
720 4294 751 4346 Α.
765 4293 794 4346 Ρ.
814 4293 852 4347 111
866 4293 915 4347 169
934 4293 964 4345 et
987 4293 1023 4346 ad
1042 4292 1205 4350 Philostrat.
1225 4295 1315 4367 imag.

163 4377 234 4430 [aa
