2774 4724
598 341 803 400 ..52-

212 509 305 573 Idem
327 510 373 590 fit,
397 509 424 573 si
449 509 615 573 secundi
638 509 732 595 pedis
748 509 851 574 thesis
865 509 966 593 longa
989 514 1054 584 est;
1080 529 1146 573 non
1169 528 1269 591 saepe

128 633 168 676 ea
191 612 318 676 initium
342 612 493 699 bisyllabi
518 612 686 698 spondaici
710 612 841 698 exeipit.
887 611 974 675 Ante
1005 612 1270 698 semiquinariam

126 716 224 800 igitur
247 737 320 779 raro
346 716 543 800 bisyllabum
560 716 772 802 spondaioum
795 717 943 801 ponitur;
967 722 1037 780 tum
1059 721 1170 780 autem
1196 735 1270 778 sae·

126 819 259 904 pissime
283 818 369 904 apud
384 819 524 883 Paulum
549 820 810 904 monosyllabum
835 819 1021 884 encliticam
1044 819 1137 883 illam
1160 819 1270 902 sequi-

127 929 180 986 tur
208 943 348 1008 eamque
381 923 535 987 obscurat
548 922 583 1007 ¹).
637 922 710 987 Hoc
740 944 867 1008 quoque
894 925 967 988 loco
1000 923 1269 1008 Baumgartenus

127 1027 264 1111 ambigit
299 1025 338 1091 de
373 1026 448 1110 lege
484 1025 702 1105 Volkmanni,
736 1027 827 1090 cuius
862 1049 905 1091 ex
935 1027 1112 1108 arbitratu,
1149 1028 1176 1090 si
1211 1046 1271 1110 pes

128 1129 291 1194 secundus
316 1129 497 1214 spondeum
519 1130 678 1212 continet,
702 1131 792 1215 prior
814 1151 929 1195 versus
953 1152 1029 1216 pars
1052 1153 1119 1196 uua
1141 1137 1271 1195 tantum

128 1254 266 1298 caesura
292 1234 415 1297 minore
447 1232 639 1298 dissecatur.
685 1234 757 1308 Qua
788 1234 927 1319 exlege
953 1236 980 1298 si
1003 1235 1271 1315 trithemimeres‚

127 1338 247 1422 quippe
272 1356 355 1421 quae
378 1356 442 1399 non
469 1336 512 1399 sit
535 1356 673 1400 caesura
694 1337 808 1419 minor,
832 1337 1038 1419 excludatur,
1061 1359 1128 1402 non
1151 1338 1270 1417 habeo,

132 1460 188 1503 cur
211 1440 404 1505 dissentiam
429 1461 502 1503 oum
525 1439 778 1524 Volkmannoll.
824 1440 1093 1505 Trithemimeres
1126 1442 1271 1506 enimin

128 1541 180 1606 his
209 1543 360 1606 versibus
393 1541 524 1627 saepius
554 1563 624 1606 cum
655 1543 720 1606 alia
755 1563 892 1607 caesura
924 1544 1040 1629 prioris
1072 1542 1272 1608 hemistichii

128 1646 301 1710 coniuncta
329 1651 388 1740 est.
435 1644 502 1710 Sed
531 1665 808 1731 supervacaneam
839 1666 911 1710 esse
935 1645 1019 1712 hanc
1041 1647 1152 1732 legem
1175 1652 1270 1731 puto;

128 1771 205 1814 nam
228 1751 359 1814 omnino
382 1750 418 1813 in
441 1750 549 1835 priore
572 1749 756 1814 hexametri
772 1750 990 1833 hemistichio,
1013 1751 1084 1815 sive
1108 1757 1176 1815 stat
1201 1752 1272 1815 sive

129 1876 195 1919 non
211 1859 276 1918 stat
292 1853 455 1918 secundus
472 1853 649 1939 spondeus,
669 1875 735 1918 una
752 1875 888 1919 caesura
904 1854 1089 1919 dominatur
1098 1880 1106 1932 ;
1123 1857 1272 1940 reliquae

129 1959 215 2022 enim
255 1957 433 2022 incisiones
474 1958 616 2022 maxime
652 1957 819 2043 particulis
855 1964 911 2023 aut
948 1959 1108 2024 similibus
1147 1960 1272 2022 nullius

129 2061 301 2147 potestatis
317 2061 442 2124 voculis
464 2056 522 2142 (δέ,
539 2057 606 2142 μέν,
624 2054 694 2146 γάρ,
712 2059 768 2144 al.)
792 2061 987 2143 efficiuntur,
1012 2083 1095 2148 quae
1120 2063 1154 2126 in
1177 2063 1272 2127 initio

128 2184 243 2228 versus
273 2165 380 2227 locum
407 2169 522 2228 tenere
551 2185 690 2229 neeesse
714 2170 775 2230 est.
820 2163 936 2250 Neque
959 2165 1060 2250 igitur
1082 2166 1273 2230 sentiuntur

129 2267 192 2332 hae
216 2269 300 2332 aliae
324 2289 491 2334 caesurae.
536 2268 815 2353 Frequentissime
839 2274 949 2333 autem
973 2270 1152 2355 spondeus,
1177 2271 1206 2334 si
1231 2291 1271 2334 eo

129 2378 264 2436 utuntur
291 2372 325 2435 in
352 2373 457 2436 altero
479 2371 565 2457 pede
587 2372 622 2435 hi
645 2378 782 2458 poetae,
805 2378 862 2436 aut
885 2374 919 2436 in
941 2373 1046 2438 medio
1069 2373 1172 2438 verbo
1197 2373 1272 2458 plu-

131 2475 214 2538 rium
238 2474 438 2559 syllabarum
467 2476 599 2560 ponitur
622 2481 677 2539 aut
701 2477 772 2541 eius
796 2476 898 2541 thesis
921 2477 1049 2541 initium
1077 2477 1152 2542 talis
1176 2477 1273 2542 verbi

131 2584 281 2664 occupat.

220 2682 255 2746 Si
284 2687 453 2767 quartus
483 2702 543 2766 pes
571 2682 752 2766 spondeum
786 2682 937 2762 exhibet,
961 2704 1096 2769 perraro
1121 2684 1274 2749 clausula

130 2784 283 2870 bisyllabi
313 2785 480 2872 spondaici
507 2785 542 2847 in
574 2786 639 2849 arsi
661 2783 702 2851 V.
727 2791 806 2861 stat;
834 2786 1004 2870 quinquies
1028 2787 1158 2872 quidem
1184 2788 1275 2873 apud

130 2887 287 2967 Paulum,
316 2887 374 2952 sed
401 2907 531 2972 semper
561 2909 704 2972 sequens
727 2889 991 2974 monosyllabum
1015 2890 1180 2975 quoddam
1204 2896 1273 2954 tam

132 2996 203 3055 arte
228 3013 299 3055 cum
323 2989 531 3056 antecedenti
553 2991 608 3054 illo
631 2991 793 3077 bisyllabo
818 2993 1027 3057 coniunctum
1051 2999 1117 3076 est,
1140 3000 1178 3057 ut
1202 2993 1274 3060 fere

132 3114 233 3157 unum
256 3095 392 3159 verbum
416 3094 539 3157 oriatur
548 3093 586 3178 ³).

221 3196 356 3282 Syllaba
382 3197 488 3260 finalis
515 3197 690 3261 verborum
717 3197 859 3283 plurium
886 3217 984 3282 quam
1007 3197 1144 3262 duarum
1169 3199 1274 3284 sylla-

132 3301 257 3381 barum,
283 3322 365 3386 quae
389 3300 423 3363 in
446 3300 627 3386 spondeum
651 3307 785 3381 exeunt,
809 3301 897 3386 apud
915 3300 1055 3365 Paulum
1077 3301 1275 3387 saepissime

132 3403 165 3466 in
189 3403 254 3467 arsi
277 3403 341 3468 Ill.
364 3408 438 3484 stat,
461 3403 566 3467 rarius
588 3402 622 3466 in
645 3403 711 3467 arsi
735 3402 779 3466 II.
804 3409 838 3466 et
859 3402 900 3466 V.

218 3504 400 3591 Postquam
416 3505 457 3571 de
472 3526 535 3569 usu
548 3527 757 3570 caesurarum
774 3511 808 3569 et
819 3505 1021 3590 dactylorum
1034 3506 1275 3591 spondeorum-

133 3629 196 3694 que
224 3609 454 3691 disseruimus,
483 3610 581 3675 liceat
603 3609 741 3675 eandem
763 3607 909 3673 breviter
931 3608 972 3673 de
994 3607 1099 3674 Paulo
1123 3611 1277 3696 proferre

222 3852 243 3918 ¹)
262 3851 302 3903 Ex
320 3852 369 3906 541
389 3868 448 3915 vn,
473 3851 522 3918 qui
540 3850 659 3904 alterum
682 3850 836 3919 spondeum
855 3850 996 3914 exhibent,
1015 3851 1049 3904 27
1066 3867 1163 3905 versus
1184 3854 1277 3921 (acee-

135 3935 206 3989 dunt
224 3935 278 3991 duo
298 3937 449 4006 emendati)
468 3937 508 3991 sie
524 3937 637 3991 formati
656 3939 733 4002 sunt3
753 3938 796 3990 ter
814 3937 869 3991 duo
881 3936 1076 4005 monosyllaba
1093 3938 1169 3992 hune
1189 3957 1276 4009 spon-

134 4021 216 4075 deum
236 4022 369 4077 efficiunt.

221 4111 242 4176 ²)
261 4108 321 4162 Hoe
335 4111 430 4162 autem
444 4108 566 4163 noluisse
579 4109 787 4162 Volkmannum
805 4108 874 4177 ipsis
893 4108 1028 4178 exemplis
1046 4109 1082 4162 ab
1101 4126 1134 4164 eo
1152 4113 1277 4180 prolatis

134 4196 251 4248 constat.
271 4195 303 4250 ef.
323 4195 430 4249 Gallim.
449 4196 544 4263 hymn.
561 4196 628 4249 120.
647 4195 682 4261 35
700 4196 753 4249 ete.

224 4283 245 4348 ³)
265 4281 304 4336 of.
316 4282 344 4334 H
356 4282 390 4335 34
407 4281 519 4354 πίσυρες
536 4279 660 4351 γυμνοὶ
677 4282 737 4351 μέν.
768 4281 817 4336 196
834 4279 897 4352 περὶ
913 4280 1055 4351 πλευράς
1073 4299 1103 4335 τε
1120 4281 1167 4335 καὶ
1181 4282 1276 4356 ἄκρας.

129 4366 198 4421 Solo
216 4365 248 4419 in
275 4383 355 4422 versu
378 4369 431 4424 358
453 4367 499 4421 ded
521 4368 663 4440 πλευρῇς
684 4367 756 4438 dndp
781 4364 857 4437 ὤμου
874 4367 921 4421 hic
938 4384 1004 4422 usus
1022 4367 1114 4421 minus
1134 4369 1207 4425 bene
1225 4374 1277 4426 ob·

114 4454 257 4509 secratur.
