2774 4724
595 294 787 354 „6-

120 466 303 530 restitutam
339 464 497 545 narravit,
533 465 636 547 ipsam
676 464 889 527 restitutionis
924 462 1201 551 descriptionem
1228 465 1264 529 δύο

119 567 227 632 verbis
250 568 354 632 finivit
377 568 421 652 (p.
439 569 513 648 296,
529 568 570 630 20
595 566 647 632 ed.
669 566 801 648 Bonn.):
825 560 855 630 εὶ
878 561 916 629 δέ
936 589 990 643 τις
1015 563 1145 634 ἐθέλοι
1168 562 1264 656 πόρρω

120 694 188 736 που
209 665 306 752 τυχὸν
326 671 386 758 τῆς
408 664 537 747 πόλεως
554 662 786 756 ἀπῳκισμένος
807 663 924 733 ἔπειτα
938 664 1148 754 γιγνώσκειν
1165 671 1264 761 σαφές

120 769 254 840 ἅπαντα
272 769 429 859 καθάπερ
445 766 561 858 παρὼν
575 768 633 837 καὶ
655 766 832 855 θεώμενος,
850 764 1072 857 οἰναλεμέσθω
1087 770 1137 840 τὰ
1153 770 1263 863 Πούλιρ

32 876 35 941 3
119 879 178 944 τού
205 873 317 964 Κύρου
351 877 411 942 τοῦ
445 871 582 960 Φλώρου
611 873 644 940 έν
672 871 862 962 ἑξαμέτροις
889 875 1135 962 πεπονημένα,
1171 873 1263 967 dcii

32 980 34 985 ’
118 976 161 1047 τᾶ
184 983 302 1066 πρῶτα
323 980 423 1045 τελῶν
445 978 478 1045 έν
499 983 571 1058 τοῖς
593 971 683 1066 ἀμφὶ
704 974 762 1045 τὸν
778 975 917 1063 βασιλέα
940 979 1040 1068 σιγῆς
1057 978 1263 1065 ἐπιστάταις,

121 1084 231 1171 μένους
252 1108 288 1150 τε
310 1079 532 1168 κοσμούμενος
554 1078 633 1170 δόξη
661 1080 719 1148 καὶ
746 1081 890 1148 πλοῦτον
909 1075 1067 1168 dipteron
1092 1083 1134 1152 ἐκ
1155 1080 1264 1173 προμύ

122 1213 184 1253 νων
207 1184 448 1272 διαδεξάμενος,
473 1184 562 1272 ὅμως
583 1184 724 1255 παιδεία
747 1212 781 1274 γε
804 1181 893 1274 αύτῷ
916 1184 973 1252 καὶ
996 1183 1110 1274 λόγων
1135 1185 1265 1280 ύῖσκησις

121 1287 465 1359 διεσπούδαστο·καὶ
493 1290 552 1358 ἐπὶ
574 1292 687 1359 τοῖσδε
708 1291 832 1376 μᾶλλον
853 1284 942 1378 ηύχει
965 1290 1023 1357 καὶ
1047 1291 1263 1380 ἐσεμνύνετο·

119 1396 176 1463 καὶ
210 1393 320 1463 τοίνυν
354 1393 541 1484 πεποίηται’
572 1393 604 1462 oi
632 1393 689 1462 καὶ
722 1390 805 1461 ἄλλα
836 1389 880 1473 ὡς
906 1394 1051 1461 πλεῖστα
1087 1396 1264 1490 ποιήματα

119 1497 246 1589 μνήμης
275 1526 310 1568 τε
332 1495 411 1582 ύξια
439 1500 496 1567 καὶ
519 1498 672 1582 έπαίνου,
702 1502 793 1568 δοκεῖ
815 1499 852 1566 δέ
879 1525 936 1584 μοι
963 1496 1006 1566 τὰ
1035 1499 1101 1569 act
1135 1508 1191 1595 τῷ
1212 1508 1264 1595 νυῷ

122 1600 272 1695 εἰρημένα
288 1600 438 1690 μείζονές
452 1630 488 1671 τε
499 1601 603 1673 πόνου
615 1603 672 1670 καὶ
685 1599 869 1692 ἐπιστήμης
881 1597 1031 1670 ἀνάπλεα
1043 1606 1263 1693 καθεστάναι,

121 1703 188 1796 ὅσην
211 1707 267 1774 καὶ
290 1711 309 1796 ἡ
332 1702 498 1787 ὑπόθεσις
520 1707 781 1794 θαυμασιωτέρα
797 1728 804 1742 ·
821 1708 888 1773 κτλ.
934 1707 987 1771 Ex
1008 1709 1074 1774 hoc
1099 1712 1263 1799 Agathiae

120 1814 192 1878 ioco
217 1814 355 1899 primum
380 1815 513 1900 quidem
537 1814 660 1899 aliquid
685 1813 724 1878 de
749 1813 842 1877 Pauli
866 1833 1006 1898 persona
1030 1821 1262 1902 comperimus.

122 1917 206 1980 Nom
231 1939 302 1981 cum
328 1939 370 1982 ex
391 1920 463 2003 ipso
487 1917 619 1982 maioris
637 1917 787 1981 carminis
811 1917 905 1979 titulo
927 1909 1064 1981 Παύλου
1087 1922 1262 2010 (ποιητοῦ)

122 2015 343 2105 Σιλεντιαρίου
372 2021 431 2085 τοῦ
459 2017 532 2087 aiod
558 2015 670 2104 Κύρου
698 2015 857 2107 έκφρασις
887 2018 953 2083 κτλ.
983 2018 1129 2086 Paulum
1163 2027 1261 2091 filium

120 2123 233 2209 Oyri1)
265 2122 432 2187 cuiusdam
465 2125 568 2188 fuisse
605 2128 779 2209 appareat,
811 2122 973 2206 Agathias
1009 2122 1050 2187 de
1085 2128 1260 2195 nobilitate

119 2228 250 2313 generis
274 2232 306 2290 et
330 2226 370 2291 de
394 2227 516 2291 divitiis
541 2233 574 2291 et
597 2228 636 2290 de
659 2247 805 2306 munere,
830 2247 892 2311 quo
915 2226 1038 2291 Paulus
1062 2229 1096 2292 in
1122 2232 1260 2320 imperu-

119 2333 201 2396 toris
225 2333 301 2395 aula
323 2331 452 2394 functus
478 2333 528 2411 sit,
554 2331 711 2394 certiores
734 2352 793 2394 nos
816 2330 903 2395 facit.

206 2433 287 2497 Erat
314 2434 412 2517 igitur
439 2433 561 2497 Paulus
590 2436 713 2518 primus
743 2434 991 2498 silentiariorum
1025 2473 1067 2482 —
1094 2439 1146 2504 ita
1178 2441 1259 2505 enim

122 2533 154 2604 ci
179 2529 266 2624 ἀμφὶ
288 2531 345 2603 τὸν
367 2535 505 2620 βασιλέα
528 2538 622 2625 σιγῆς
645 2532 822 2602 ἐπιστάται
846 2539 946 2602 latino
970 2558 1121 2605 sermone
1147 2547 1258 2631 appel·

119 2641 272 2705 labantur
287 2677 330 2686 -
346 2661 441 2724 quem
454 2640 823 2726 proptermagistratum
840 2641 870 2704 ei
884 2641 1061 2705 Silentiarii
1074 2664 1259 2729 cognomen

121 2746 260 2810 inditum
278 2743 373 2828 συλλ).
419 2744 449 2807 A
464 2745 621 2830 principio
638 2744 751 2808 horum
769 2745 1016 2829 magistratuum
1039 2755 1112 2812 erat
1136 2772 1259 2833 curare,

119 2856 156 2914 ut
190 2854 363 2935 praesente
398 2849 595 2933 imperatore
631 2869 744 2913 omnes
779 2850 897 2934 linguis
926 2851 1087 2932 faverent,
1126 2856 1189 2920 sed
1219 2879 1258 2921 ex
1296 2902 1298 2913 .

120 2953 263 3018 Malaiae
288 2952 467 3038 Ohronogr.
491 2975 522 3038 p.
540 2955 612 3034 434,
629 2956 669 3016 20
693 2953 721 3016 Β
747 2954 823 3018 edit.
853 2954 957 3020 Bonn.
983 2960 1016 3018 et
1040 2977 1082 3019 ex
1106 2957 1260 3046 Procopii

121 3057 206 3120 libro
242 3056 282 3121 de
315 3056 403 3120 bello
437 3057 569 3121 Persico
609 3058 729 3140 scripto
763 3057 860 3121 1243
896 3058 936 3121 ad
970 3059 1093 3122 maiora
1129 3084 1260 3150 quoquc

122 3161 230 3224 officia
266 3181 321 3225 cos
357 3165 489 3224 vocatos
524 3181 595 3224 esse
622 3161 832 3245 intellegitur.
884 3160 982 3225 Certe
1020 3183 1084 3225 non
1121 3163 1260 3232 dubium

121 3269 186 3344 est,
211 3264 289 3348 quin
312 3263 495 3342 silentiarii,
518 3264 675 3347 imprimis
700 3284 810 3327 eorum
826 3265 1044 3349 praepositus,
1061 3271 1260 3337 auctoritate

119 3366 258 3452 quadam
287 3367 322 3430 in
352 3367 473 3452 palatio
503 3368 553 3430 usi
581 3368 660 3443 sint;
694 3366 850 3452 dignitate
883 3374 1063 3445 senatores,
1087 3373 1259 3456 patricios,

118 3472 305 3558 praefectos
321 3472 496 3558 provinciis
513 3471 702 3556 aequabant
709 3497 716 3546 3
739 3478 873 3556 propter
889 3473 1117 3555 spectabilium
1143 3477 1259 3544 claris-

120 3577 341 3660 simorumque
369 3578 481 3640 titulos
511 3577 655 3642 secundo
687 3584 785 3662 atque
814 3578 910 3641 tertio
934 3576 1129 3662 dignitatum
1155 3585 1261 3650 ordini

119 3682 276 3768 adscripti
301 3687 385 3745 sunt.
431 3683 501 3747 Nec
517 3683 643 3762 mirum,
669 3681 755 3767 quod
770 3681 885 3764 Paulo,
910 3704 973 3767 qua
998 3691 1068 3748 erat
1085 3685 1259 3756 nobilitate

211 3888 231 3954 ²)
250 3887 293 3941 Du
316 3887 438 3958 Congius
457 3888 487 3941 in
501 3887 674 3958 praefatione
698 3886 836 3942 Oinammi
859 3887 976 3942 editioni
1004 3889 1156 3956 praemissa
1184 3894 1260 3950 hunc

119 3972 222 4040 Cyrum
244 3990 301 4027 non
319 3973 459 4029 diversum
478 3991 537 4029 esse
556 3975 700 4029 existimat
718 3991 735 4026 a
753 3975 838 4043 poeta
856 3974 917 4039 illo,
942 3974 1019 4028 cuius
1038 3992 1180 4045 perpauca
1200 3983 1260 4051 epi·

118 4060 276 4128 grammata
297 4059 327 4111 in
346 4061 430 4114 Anth.
449 4061 507 4116 Pal.
527 4062 691 4115 conservata
708 4062 789 4123 sunt,
813 4063 927 4128 propter
949 4076 1011 4114 eam
1030 4062 1117 4115 solam
1136 4082 1260 4132 causam,

120 4145 195 4213 quod
213 4145 326 4214 utrique
344 4146 404 4201 viro
420 4147 485 4216 Cyri
503 4163 605 4200 nomen
624 4148 692 4200 erat.
720 4146 791 4200 Huic
804 4148 897 4200 autem
915 4147 1091 4202 coniecturae
1105 4150 1260 4208 admodum

119 4230 219 4285 audaci
238 4231 367 4299 equidem
385 4250 441 4287 non
459 4233 609 4286 adsentior.

208 4319 228 4387 ²)
247 4318 351 4374 Videas
369 4319 403 4374 de
421 4321 612 4384 hermonem,
631 4335 703 4387 quae
722 4319 900 4373 Kortuemius
919 4320 988 4375 dicit
1009 4321 1026 4374 l.
1045 4321 1062 4373 l.
1073 4339 1099 4389 p.
1110 4322 1158 4378 IX.
1172 4356 1203 4364 —
1223 4328 1258 4381 cf.

119 4404 205 4460 etiam
224 4404 301 4460 Saxii
320 4406 418 4461 Onom.
435 4408 462 4461 ΙΙ
480 4425 507 4476 p.
522 4405 564 4460 50.
