2774 4724
578 335 789 396 ..39-

117 523 191 566 esse
219 501 416 566 credendum
446 503 682 582 concedamus,
716 525 793 567 num
830 503 952 568 eisdem
984 506 1091 568 causis
1121 505 1254 570 demon-

116 611 239 668 stratur
271 612 434 670 auctorem
469 628 541 671 esse
573 606 712 671 Paulum
744 607 850 688 illum,
888 609 943 691 qui
971 607 1142 672 Iustiniani
1172 631 1254 674 aevo

115 709 276 774 florebat?

202 813 329 877 Verum
347 814 447 878 habet
470 814 591 899 aliquid
603 815 805 898 Lessingius,
829 813 917 898 quod
932 814 1027 878 valde
1043 816 1255 880 memorabile

114 915 247 981 videtur
275 937 359 980 esse.
416 917 637 1002 Procopius
668 919 754 982 enim
791 918 824 981 in
853 917 926 981 libri
949 917 990 980 V.
1022 919 1127 1003 capite
1158 919 1255 986 tertio

115 1020 349 1104 operis'supra
369 1019 503 1100 laudati,
528 1019 614 1104 quod
640 1027 690 1084 cst
713 1019 753 1084 de
777 1020 934 1084 aedificiis
958 1020 1172 1084 alustiniano
1197 1044 1255 1086 ex-

116 1123 261 1202 structio,
288 1131 398 1186 narrat
422 1122 462 1188 dc
486 1123 621 1187 thermis
644 1124 720 1204 illis,
744 1144 824 1208 quas
848 1125 1027 1209 imperator
1051 1145 1255 1209 summopere

61 1268 65 1274 -
116 1228 209 1290 auxit
239 1226 332 1310 regia
364 1226 536 1291 aedificata
565 1233 598 1291 et
627 1227 766 1312 publicis
797 1227 925 1291 balneis
959 1228 1134 1307 institutis,
1168 1233 1201 1291 et
1223 1229 1256 1290 in

119 1351 197 1414 quas
221 1329 330 1394 fontes
355 1331 503 1395 salubres
534 1338 566 1394 et
594 1332 674 1396 alios
698 1330 803 1394 dulcis
827 1351 932 1414 aquae
955 1332 1099 1396 immisit.
1147 1331 1256 1405 Quid?

117 1430 400 1495 Verisimillimum
429 1453 538 1497 nonne
571 1441 622 1497 est
643 1433 783 1497 Paulum
812 1433 1036 1497 Silentiarium
1067 1433 1127 1496 sub
1158 1435 1256 1499 Iusti-

120 1536 213 1600 niano
239 1536 407 1619 vigentem
431 1557 562 1600 carmen
590 1536 671 1600 illud
699 1537 739 1600 de
763 1536 891 1622 Pythiis
915 1536 1051 1600 thermis
1076 1538 1256 1623 scripsisse,

122 1640 312 1724 pracsertim
347 1660 419 1703 cum
455 1640 520 1703 iam
555 1641 694 1704 alterum
729 1641 799 1704 eius
828 1661 945 1726 poema
975 1642 1256 1725 cognovissemus,

126 1763 184 1826 quo
208 1742 368 1827 templum
391 1742 521 1827 Hagiae
547 1742 688 1829 Sophiae
712 1742 753 1806 ad
776 1744 933 1807 maiorem
957 1744 1128 1807 Iustiniani
1150 1745 1254 1830 impe-

128 1849 238 1912 ratoris
251 1847 388 1931 gloriam
401 1846 596 1932 descripsit?
641 1846 694 1910 Ad
711 1846 772 1911 ho'c
790 1847 915 1910 accedit
929 1848 1150 1911 testimonium
1168 1849 1256 1912 codi-

130 1965 210 2030 cum,
242 1950 297 2035 qui
327 1949 368 2014 ad
391 1971 492 2013 unum
525 1971 638 2014 omnes
671 1950 810 2014 Paulum
838 1949 1060 2015 Silentiarium
1091 1957 1256 2016 auctorem

131 2054 298 2117 nominant.
343 2053 437 2118 Haec
461 2054 528 2116 fere
552 2054 717 2138 Lessingii
740 2054 902 2118 sententia
925 2061 984 2118 est.

207 2157 288 2221 hlihi
317 2164 426 2221 autem
451 2156 613 2237 codicum,
643 2162 679 2220 ut
706 2157 844 2241 primum
869 2157 909 2221 de
938 2159 984 2221 eis
1009 2179 1120 2242 agam,
1145 2179 1257 2244 super-

129 2259 295 2345 scriptione
319 2260 366 2324 nil
389 2260 605 2324 demonstrari
628 2260 766 2338 videtur,
792 2261 819 2322 si
842 2281 906 2345 qua
929 2282 1030 2324 causa
1052 2282 1256 2325 commovea-

123 2379 207 2446 mur,
236 2370 271 2429 ut
301 2364 342 2428 de
371 2364 574 2428 Iustinianeo
604 2363 710 2427 Paulo
738 2370 870 2428 auctore
901 2364 1115 2449 ambigamus.
1172 2364 1256 2428 Nam

116 2465 198 2544 quid
229 2473 297 2548 est,
328 2488 389 2552 quo
418 2467 664 2552 prohibeamur,
695 2487 735 2530 ne
767 2467 894 2531 duobus
924 2468 1003 2531 viris
1027 2468 1113 2533 idem
1138 2489 1256 2532 nomen

105 2560 221 2635 fuisse
258 2567 545 2654 existimemus¹)?
599 2568 695 2632 Hauc
730 2575 840 2632 autem
879 2569 1089 2634 dubitationis
1125 2591 1256 2634 causam

96 2668 259 2746 Primam
283 2673 397 2736 haurio
422 2693 465 2735 ex
488 2673 559 2757 ipsa
575 2671 726 2757 Procopii
749 2672 946 2738 narratione.
991 2671 1096 2745 Quid?
1119 2673 1257 2737 Paulum

88 2763 226 2857 illum,
257 2798 354 2862 quem
385 2776 417 2838 in
448 2775 666 2860 descriptione
697 2796 837 2858 magnae
871 2775 1048 2855 ecclcsiae,
1072 2776 1257 2861 ubicunque

76 2878 232 2960 potua,
252 2880 459 2944 occasionem
477 2878 664 2943 celebrandi
680 2879 884 2963 imperatoris
901 2898 966 2941 non
982 2880 1086 2943 solum
1101 2881 1255 2945 lubenter

72 2983 333 3070 usurpantem
364 2983 423 3047 scd
455 2984 554 3047 etiam
578 2983 673 3047 avide
697 2983 909 3067 arripientem
933 2982 1087 3063 vidimus,
1118 2982 1258 3047 Paulum

63 3067 109 3134 ln
137 3077 226 3153 hoc
240 3089 393 3169 carmine,
407 3088 491 3173 quod
506 3094 556 3152 est
570 3087 610 3152 dc
623 3087 758 3152 thermis
773 3088 813 3151 ab
829 3087 944 3151 codem
954 3087 1151 3171 imperatore
1164 3089 1258 3153 valde

60 3189 338 3271 amplilicatis,
356 3192 484 3255 omnino
506 3193 649 3256 tacuisse
673 3197 825 3276 putemus
849 3190 889 3254 de
913 3190 1069 3254 aedificiis
1094 3191 1152 3270 cis,
1175 3213 1258 3276 quae

55 3267 302 3380 Procopius
325 3299 506 3374 enumerat,
523 3293 642 3358 nedum
658 3295 888 3378 imperatorem
905 3293 1058 3357 laudibus
1076 3294 1259 3375 extolleret,

54 3385 149 3455 qui
204 3420 244 3463 ea
275 3397 440 3463 condidit?
485 3396 733 3461 Alienissimum
762 3397 824 3461 hoc
847 3397 927 3460 mihi
949 3397 1079 3462 videtur
1102 3420 1122 3461 a
1144 3404 1260 3462 natura

52 3493 238 3567 poet„
262 3503 376 3582 nostri,
401 3502 531 3586 qualem
555 3522 598 3565 ex
622 3500 842 3586 descriptione
866 3500 1100 3565 intelleximus.

207 3606 388 3671 Praeterea
403 3604 492 3669 haud
514 3605 609 3669 facile
627 3603 821 3668 crediderim
837 3601 1011 3687 Byzantini
1026 3602 1140 3682 nostri,
1164 3623 1260 3687 quem

58 3697 247 3773 artibus
278 3709 462 3793 litterisque
491 3714 558 3772 tam
587 3707 749 3772 eruditum
779 3705 940 3790 Agathias
971 3706 1168 3794 celebravit,
1197 3706 1260 3770 hoc

64 3805 190 3869 0⁸⁸0
222 3812 411 3898 opusculum
436 3833 515 3876 saue
540 3811 603 3876 vile
627 3811 870 3893 maximamque
894 3814 1018 3892 partem
1043 3829 1085 3871 err
1107 3807 1260 3872 Pa-Ari-

71 3893 251 3981 stotelis
272 3916 384 3980 libello
410 3916 593 3994 conflatum,
617 3915 649 3978 in
674 3934 737 3998 quo
759 3917 858 3998 poeta
881 3911 921 3976 de
947 3910 1146 3995 quibuslibet
1163 3911 1261 3975 rebus

81 4003 199 4094 agit,
221 4019 276 4083 sed
298 4020 354 4083 vix
373 4018 413 4083 de
429 4040 467 4082 ea
480 4040 525 4099 re,
539 4039 635 4102 quam
649 4015 897 4081 describendam
914 4015 984 4098 ipse
1003 4014 1064 4077 sibi
1081 4016 1260 4100 proposuit.

215 4121 280 4188 Sed
310 4121 369 4186 has
399 4144 516 4186 causas
547 4142 612 4185 non
643 4121 676 4184 id
706 4119 859 4205 ponderis
882 4117 1021 4196 habere,
1049 4124 1084 4181 ut
1117 4119 1195 4182 satis
1220 4141 1263 4184 ex

108 4238 328 4268 N...-

219 4345 240 4412 1)
257 4344 359 4398 Totum
385 4343 460 4398 enim
479 4344 561 4398 Pauli
583 4343 671 4398 nostri
693 4358 807 4406 nomen,
832 4339 907 4408 quod
925 4338 1031 4408 legitur
1049 4340 1079 4393 in
1101 4341 1264 4410 ecphraseos

133 4419 232 4501 091109,
249 4432 344 4485 nullus
363 4431 445 4486 huius
463 4430 593 4485 carminis
612 4429 698 4484 codex
717 4427 837 4482 exhibet.
