2774 4724
591 279 783 338 ..2-

605 516 712 588 Pars
739 515 765 587 Ι.

374 691 437 772 De
462 689 594 772 Pauli
621 689 867 772 Silentiarii
894 689 999 770 vita.

206 934 401 1019 Priusquam
428 933 469 996 ad
499 935 571 1019 ipsa
601 933 694 997 Pauli
723 934 866 996 carmina
894 932 1065 1011 accedam,
1100 955 1192 1018 quae
1225 933 1261 998 de

119 1043 235 1123 poetae
277 1039 344 1101 vita
378 1039 543 1101 enucleari
579 1040 720 1122 possint,
758 1039 905 1121 quamvis
939 1058 1044 1121 pauca
1075 1039 1262 1122 proferam3

121 1163 217 1227 quem
251 1141 374 1206 vixisse
407 1141 467 1205 sub
497 1141 678 1204 Iustiniana
708 1142 905 1225 imperatore
940 1161 1012 1203 cum
1049 1161 1093 1219 ex
1132 1142 1263 1206 duobus

120 1251 268 1309 veterum
296 1245 492 1308 testimoniis
520 1250 589 1308 tum
617 1245 785 1328 exipsius
810 1251 928 1329 poetae
952 1243 1158 1308 carminibus
1185 1245 1262 1310 satis

119 1350 324 1434 perspicitur.

206 1453 485 1519 Proficiscendum
525 1458 634 1517 autem
673 1458 724 1516 est
761 1474 780 1515 a
814 1452 908 1516 Pauli
942 1453 1123 1536 poematia,
1164 1460 1262 1539 atque

120 1558 258 1642 primum
282 1557 413 1641 quidem
438 1576 656 1641 exponemus,
685 1576 747 1640 quo
781 1562 927 1640 tempore
952 1561 1058 1619 ortum
1089 1557 1134 1621 sit
1159 1559 1263 1623 maius

119 1659 198 1724 illud
216 1681 348 1724 carmen
360 1661 517 1724 continuis
530 1660 731 1724 hexametris
749 1658 789 1722 de
806 1680 925 1742 magna
937 1658 1092 1743 Byzantii
1105 1662 1261 1742 ecclesia,

121 1762 248 1848 Hagia
272 1763 433 1848 Sophia,
458 1763 624 1848 scriptum.
670 1761 763 1834 Quod
779 1763 1073 1847 praeclarissimum
1099 1766 1263 1849 templum

120 1867 162 1930 ab
192 1868 335 1931 omnium
366 1873 510 1931 aetatum
542 1868 618 1930 viris
647 1867 766 1948 doctis,
800 1868 868 1930 sive
901 1867 931 1930 ei
956 1867 1262 1954 Constantinopolis

120 1970 271 2035 aedificia
300 1973 332 2035 in
362 1972 507 2036 historiis
535 1972 651 2035 leviter
677 1978 802 2034 tantum
832 1972 1090 2056 perstringentes
1117 1992 1263 2036 comme-

122 2095 294 2139 moravere
341 2077 408 2140 sive
448 2097 486 2140 ea
524 2075 768 2161 monograpbiis
814 2075 996 2138 accuratius
1039 2072 1261 2160 descripsere,

121 2180 254 2242 summis
272 2201 401 2264 semper
423 2179 573 2243 laudibus
591 2180 818 2244 extollebatur.
863 2179 933 2242 Nec
949 2180 1077 2257 mirum,
1101 2202 1180 2244 nam
1199 2203 1262 2245 non

122 2284 228 2347 solum
260 2283 381 2367 insigni
412 2284 585 2348 maiestate
616 2289 648 2347 et
671 2284 873 2368 praestantia
902 2283 959 2347 sed
985 2284 1082 2347 etiam
1107 2285 1262 2350 fortunae

120 2385 403 2450 vicissitudinibus
446 2387 586 2450 ecclesia
623 2387 681 2449 illa
718 2386 860 2449 omnium
895 2386 1087 2451 advertebat
1123 2390 1264 2469 animos,

122 2511 228 2574 neque
256 2490 342 2554 enim
366 2510 438 2554 raro
463 2494 519 2552 aut
540 2494 677 2552 naturae
701 2495 757 2551 aut
776 2490 965 2552 immanium
981 2490 1151 2554 hominum
1176 2493 1264 2558 sedi-

121 2592 263 2657 tionibus
301 2593 445 2656 maxima
480 2593 512 2654 in
550 2592 697 2675 pericula
736 2592 964 2675 vocabatur1),
1014 2594 1104 2656 velut
1147 2595 1264 2659 eodem

94 2687 301 2762 'Iustiniano
334 2699 530 2783 imperatore
562 2695 611 2758 bis
636 2696 743 2759 diruta
775 2718 813 2760 ac
836 2698 986 2760 restituta
1009 2705 1069 2761 est.
1114 2699 1265 2765 Primum

123 2803 209 2866 enim
232 2808 405 2887 postquam
429 2820 513 2863 anno
536 2823 567 2886 p.
586 2799 660 2865 Ohr.
679 2823 709 2863 n.
728 2802 790 2864 532
806 2801 1015 2865 Prasinorum
1039 2802 1150 2882 factio,
1177 2826 1264 2888 quae

124 2912 237 2969 contra
259 2906 492 2988 imperatorem
516 2902 779 2988 rebellaverat2),
807 2904 937 2989 ignibus
966 2905 1121 2968 subiectis
1154 2909 1264 2971 maxi-

122 3031 207 3072 mam
219 3007 379 3073 ecclesiae
388 3014 515 3091 partem
528 3007 660 3087 delevit,
671 3007 869 3071 iustinianus
883 3008 989 3071 denuo
1001 3029 1073 3071 earn
1086 3013 1265 3091 exstruxit,

122 3119 158 3176 ut
182 3113 323 3197 quinque
347 3117 422 3196 post
445 3132 546 3175 annos
571 3111 614 3193 (a.
632 3111 707 3194 537)
733 3112 1024 3195 consecrar·etur³).

213 3217 278 3280 Sed
302 3237 367 3279 non
391 3217 436 3279 ita
459 3216 559 3279 multo
583 3221 673 3300 post,
699 3237 727 3281 a.
744 3215 879 3279 XXXII
902 3217 1030 3301 imperii
1054 3215 1264 3295 iustinianei,

124 3343 196 3386 cum
238 3322 336 3405 paulo
377 3325 452 3383 ante
494 3320 636 3383 ecclesia
683 3321 869 3404 ingentibus
914 3326 1019 3383 terrae
1061 3319 1206 3383 motibus
1246 3345 1266 3386 a

123 3424 325 3509 Theophane
350 3422 396 3510 (p.
414 3426 487 3498 231,
507 3427 541 3486 11
563 3423 647 3509 sqq.)
678 3423 808 3488 disertis
832 3424 939 3487 verbis
963 3423 1135 3507 descriptis
1160 3425 1264 3488 vehe-

124 3529 328 3592 mentissime
356 3527 555 3591 labefactata
584 3533 686 3608 esset,
715 3528 848 3591 maximi
877 3528 956 3591 tholi
990 3549 1081 3612 pars,
1110 3548 1195 3611 quae
1221 3530 1264 3593 ad

124 3631 281 3695 orientem
300 3636 437 3715 spectat,
454 3630 495 3693 ad
510 3636 631 3694 terram
645 3632 793 3716 proiecta
817 3636 876 3711 est,
902 3652 965 3715 qua
979 3632 1071 3693 ruina
1095 3636 1127 3694 et
1144 3633 1265 3697 altaria

215 3857 234 3922 1)
254 3855 294 3908 De
311 3853 394 3908 huius
407 3854 484 3907 aedis
497 3853 616 3908 historia
634 3853 668 3907 af.
688 3853 830 3922 egregiam
849 3854 891 3906 Du
906 3853 1006 3922 Cangii
1025 3853 1264 3922 dissertationem,

123 3957 195 4008 quae
220 3940 306 3994 etiam
329 3941 359 3993 in
377 3940 459 3994 Pauli
482 3940 606 3994 editione
631 3939 667 3992 ab
685 3940 764 3993 Imm.
783 3940 908 3993 Bekkero
931 3940 961 3992 in
980 3939 1120 3992 Bonnensi
1146 3959 1264 4010 corporo

124 4027 289 4096 scriptorum
308 4027 524 4094 Byzantinorum
544 4029 641 4080 curata
659 4026 772 4095 legitur.

204 4114 232 4179 ⁴²)
250 4113 310 4165 Hac
334 4112 368 4165 de
392 4111 543 4176 seditione,
569 4128 641 4179 quae
665 4110 812 4164 dicebatur
830 4111 911 4174 Νίκα,
936 4112 1092 4179 complures
1111 4113 1264 4181 scriptores

123 4199 257 4253 historiae
274 4198 447 4267 Byzantinae
466 4214 626 4262 narravere3
645 4200 756 4266 praeter
774 4200 879 4251 ceteros
895 4198 1078 4266 Theophanes
1097 4197 1126 4249 in
1146 4200 1264 4256 chrono-

123 4285 255 4354 graphia,
282 4284 359 4339 euius
381 4286 456 4340 loros
475 4284 596 4338 laudabo
615 4284 709 4339 Boorii
729 4284 881 4338 editionem
900 4287 1010 4337 secutus
1030 4284 1154 4352 (Lipsiae
1175 4288 1263 4356 1886).

212 4375 232 4441 ⁸)
252 4372 348 4426 videas
367 4371 547 4441 Theophanis
565 4370 753 4425 narrationem
773 4390 800 4440 p.
813 4372 872 4436 217,
886 4373 918 4426 16
932 4389 990 4438 sqq.
