2774 4724
606 261 815 322 „29-

141 429 247 492 riores
271 427 362 493 aedis
384 433 495 513 partes
512 431 782 515 contemplentur,
807 428 915 494 denuc
931 430 1064 495 laudato
1082 431 1279 517 imperatore

141 531 182 596 ad
218 531 434 597 describenda
471 533 626 597 encaenia
656 532 774 597 transit
797 530 1011 620 (178-216);
1041 555 1092 598 vv.
1110 538 1280 598 rol-216

141 642 253 700 autern
283 638 452 723 praeclare
483 636 631 722 depingit
666 636 906 708 multitudinem
942 637 1122 718 hominum,
1154 640 1210 723 qui
1239 638 1280 703 ad

141 739 313 803 ecclesiam
337 743 498 803 corruunt.
545 739 629 802 Tum
650 739 759 804 verbis
783 739 958 804 admodum
979 741 1150 806 rhetoricis
1173 764 1279 807 sacer-

140 843 247 924 dotes,
270 850 307 908 ut
330 845 479 931 aperiant
502 845 615 930 templi
637 849 761 929 portas,
777 845 900 909 incitat.
946 846 1055 931 Atque
1071 846 1132 911 hoc
1149 847 1280 932 quidem

140 948 213 1013 loco
236 948 378 1034 primum
400 948 517 1012 librum
541 949 668 1012 finitum
693 969 767 1013 esse
791 955 953 1034 putamus.

228 1051 323 1116 Nunc
339 1053 412 1139 ipsa
424 1052 579 1138 incipitur
589 1051 762 1139 descriptio
775 1053 938 1117 interioris
954 1053 1068 1138 templi
1086 1075 1123 1118 ac
1140 1054 1280 1140 primum

140 1157 246 1240 partis
269 1156 453 1237 orientalis,
476 1155 532 1220 ubi
554 1156 672 1220 altaria
695 1155 855 1241 sedesque
885 1157 1093 1222 sacerdotum
1118 1163 1219 1238 stant,
1248 1162 1280 1222 ct

141 1279 282 1344 magnac
312 1259 479 1324 orientalis
508 1258 670 1339 conchae,
700 1280 783 1344 quae
814 1265 958 1325 vocatur.
1009 1260 1120 1325 Paene
1147 1281 1207 1345 par
1230 1264 1280 1324 est

142 1363 292 1427 orientali
321 1363 397 1427 huic
427 1364 511 1449 parti
541 1362 771 1443 occidentalis,
796 1365 887 1428 cuius
911 1363 1087 1450 descriptio
1114 1364 1279 1429 secundi

142 1465 265 1531 codicis
289 1466 365 1530 libri
387 1467 515 1530 initium
538 1466 626 1532 facit.
671 1465 909 1531 Describuntur
933 1468 1075 1552 porticus
1098 1467 1170 1549 illa,
1196 1488 1278 1552 quae

141 1570 281 1634 narthex
304 1569 431 1652 dicitur,
448 1569 592 1634 medium
607 1571 776 1657 templum,
801 1592 899 1655 super
917 1570 1003 1655 quod
1019 1571 1127 1635 tholus
1145 1571 1276 1651 eminet,

142 1679 295 1759 quattuor
328 1673 431 1759 pilae,
466 1694 560 1738 arcus
595 1679 655 1740 etc.
709 1674 862 1739 Dolenda
890 1657 1000 1740 autem
1031 1681 1082 1740 est
1112 1675 1145 1738 in
1179 1675 1278 1760 ipsius

142 1778 223 1843 tholi
251 1777 470 1863 descriptione
499 1779 617 1842 lacuna
646 1777 815 1871 (st-93).
864 1778 948 1843 Tum
986 1785 1139 1843 secuntur
1170 1785 1279 1864 partes
1354 1824 1355 1829 η

143 1883 414 1968 septentrionales
433 1888 467 1946 et
481 1882 722 1963 meridionales,
746 1882 802 1946 ubi
818 1883 991 1946 mulierum
1008 1882 1102 1947 sedes
1118 1882 1279 1963 videntur,

143 1986 255 2070 pronai
278 1985 514 2068 occidentales,
545 2008 700 2072 magnum
722 1987 877 2051 vestibuli
900 1987 1028 2051 labrum
1052 1980 1199 2073 (φιάλη);
1223 2008 1278 2052 co-

145 2090 264 2173 piosius
281 2095 391 2155 autem
402 2089 629 2155 describuntur
642 2091 732 2153 varia
744 2090 915 2154 marmoris
931 2112 1055 2175 genera
1069 2089 1279 2177 (rol-230),

148 2192 261 2259 deindo
285 2215 385 2280 opera
409 2194 632 2275 vermiculata,
656 2194 802 2274 cancelli,
827 2195 945 2278 quibus
970 2215 1063 2259 sacra
1079 2215 1155 2280 pars
1172 2195 1278 2259 orien-

148 2300 216 2363 talis
245 2321 264 2364 a
293 2299 401 2364 medio
429 2300 554 2384 templo
584 2299 780 2379 secernitur,
812 2297 891 2362 Iesu
914 2295 1049 2377 Christi,
1077 2298 1278 2383 angelorum,

149 2405 380 2487 apostolorum,
411 2403 537 2468 Mariae
560 2402 755 2489 imaginibus
779 2401 893 2481 ornati,
918 2402 1096 2466 sacrarium
1119 2402 1278 2485 intimum,

146 2505 258 2572 altaria
287 2508 360 2594 ipsa
385 2508 583 2592 tegumentis
610 2507 731 2588 celata,
762 2505 879 2590 quibus
909 2504 1029 2570 Christi
1058 2511 1156 2590 atquc
1184 2506 1278 2569 Pauli

138 2607 297 2697 Patrique
329 2613 501 2677 simulacra
537 2617 570 2676 et
597 2610 718 2676 domini
746 2610 901 2674 miracula
933 2608 1060 2674 intexta
1099 2614 1174 2672 sunt
1201 2607 1278 2692 (370

135 2716 272 2799 -385).
317 2715 468 2780 Plurimis
487 2715 596 2780 verbis
615 2720 773 2779 nocturna
793 2712 953 2778 ecclesiae
973 2712 1098 2776 lumina
1109 2712 1278 2797 praedicat

128 2814 360 2904 (sao-504),
384 2840 520 2905 quornm
543 2818 728 2882 mirabilem
752 2838 830 2881 sane
854 2816 1014 2901 fulgorem
1039 2837 1132 2880 nemo
1154 2815 1277 2880 descri-

124 2921 223 2986 bere
244 2923 359 3008 possit.
409 2923 515 3009 Atque
539 2922 648 2986 finitur
670 2922 754 2986 liber
778 2919 942 2985 secundus
975 2941 1060 2984 nora
1089 2918 1278 2984 laudatione
1344 2993 1347 2999 ,

120 3023 359 3108 imperatoris,
383 3027 474 3091 cuius
494 3026 700 3090 clementiam
716 3029 792 3088 ante
809 3029 937 3089 ceteras
949 3024 1086 3088 virtutes
1101 3022 1280 3088 admiratur

118 3126 279 3213 Paulus,
311 3152 387 3196 nam
413 3136 548 3217 propter
575 3130 665 3194 illam
692 3149 822 3215 semper
849 3128 880 3192 ei
910 3148 1054 3192 summus
1084 3127 1164 3192 deus
1191 3126 1278 3191 domi

117 3231 345 3322 militiaeque
361 3234 528 3322 praesidio
553 3240 603 3299 est
616 3233 812 3320 (505-550.
831 3232 870 3299 cf.
888 3233 987 3296 etiam
1002 3232 1075 3296 libri
1091 3232 1116 3298 l.
1133 3230 1235 3318 praef.
1251 3230 1277 3294 I.

116 3353 140 3399 v.
175 3336 208 3396 6
226 3349 320 3426 sqq.).
366 3338 438 3404 Has
462 3344 574 3403 autem
589 3336 704 3402 laudes
727 3337 829 3401 flectit
852 3342 950 3422 poeta
974 3357 1003 3402 v.
1021 3339 1080 3398 551
1107 3335 1147 3400 ab
1172 3335 1276 3421 impe·

115 3442 249 3508 ratore
272 3442 315 3508 ad
336 3442 557 3529 patriarcham
580 3441 694 3507 eadem
717 3460 797 3504 usus
822 3439 970 3504 cautione
995 3439 1147 3519 ridicula,
1181 3460 1278 3523 quam

116 3559 241 3622 supra
275 3547 536 3612 observavimus:
574 3566 689 3610 revera
725 3543 825 3608 etiam
860 3541 1066 3628 patriarchae
1093 3540 1208 3605 laudes
1237 3541 1278 3604 ad

116 3639 371 3724 imperatorem
397 3655 563 3735 spectare,
593 3649 648 3733 qui
675 3648 780 3711 virum
803 3652 868 3711 tam
892 3647 1093 3732 praeclarum
1118 3645 1278 3709 creaverit

120 3754 355 3821 sacerdotem.
401 3752 551 3838 Denique
585 3756 725 3816 exeunte
756 3751 898 3814 carmine
929 3749 1146 3836 patriarcham
1181 3749 1277 3832 longa

121 3840 200 3910 lita
247 3858 361 3943 augeri
401 3857 491 3941 cupit
528 3855 668 3936 Paulus,
713 3875 797 3939 quae
839 3859 873 3918 ct
904 3852 1093 3939 imperatori
1136 3856 1169 3917 ct
1205 3850 1277 3916 urbi

127 3945 239 4023 Saluti
263 3962 314 4027 sit.

228 4062 301 4139 Qua
336 4085 380 4130 cx
413 4062 547 4128 secundi
580 4062 656 4127 libri
688 4062 835 4127 clausula
869 4061 948 4125 satis
983 4058 1193 4124 manifestum
1227 4066 1279 4124 est

136 4151 282 4230 Paulum
304 4167 396 4232 initio
420 4165 550 4252 quidem
574 4165 701 4231 duobus
724 4164 816 4229 libris
840 4163 1010 4229 materiam
1025 4163 1115 4228 illam
1130 4167 1276 4249 pertrac-

146 4261 216 4326 tans
238 4269 271 4334 in
293 4271 402 4336 animo
425 4269 590 4336 habuisse.
638 4269 730 4344 Quae
754 4269 783 4334 si
805 4268 937 4334 nonita
951 4271 1081 4348 ssssnt,
1099 4267 1178 4328 sine
1191 4263 1299 4324 nuum

152 4370 243 4447 pocta
256 4373 313 4441 has
331 4374 538 4441 laudationes
558 4375 591 4441 in
608 4380 769 4444 extrema
784 4374 829 4443 de
851 4372 1003 4441 ambone
1018 4373 1124 4458 parts
1133 4359 1332 4447 posuisset·
