2774 4724
536 327 747 388 ..77-

156 492 227 558 Neo
252 494 359 559 minus
382 517 455 560 raro
480 498 823 561 substantivorum
849 496 1001 561 declinat.
1016 498 1043 563 I.
1061 499 1207 584 syllabae

60 597 186 661 finales
222 623 265 662 -c
299 598 356 662 aut
386 623 452 663 -αν
481 601 514 662 in
544 600 658 664 ultima
688 600 873 664 hexametri
905 601 991 665 thesi
1024 611 1208 670 occurrunt.

63 699 185 764 Semel
207 700 346 765 Nonnus
370 703 505 766 verbum
529 699 633 782 πέζαν
656 703 717 766 hoc
741 703 812 766 loco
829 704 947 787 posuit,
972 705 1059 789 quod
1080 727 1121 770 an
1145 727 1209 769 non

60 810 164 868 recte
194 803 406 868 Ludwichius
438 805 472 888 (l.
489 806 511 871 l.
534 827 565 890 p.
585 805 640 888 79)
669 805 702 868 in
732 805 875 869 dativum
909 804 991 893 πέζῃ
1021 810 1208 889 mutaverit,

63 906 230 992 equidem
246 907 370 973 dubito.
415 909 499 972 Nam
516 909 656 993 primurn
680 910 713 971 in
729 909 791 972 hoc
806 907 914 972 Nonni
937 909 1114 991 1111111148,
1134 914 1208 993 170)

58 1033 136 1097 quo
152 1012 193 1075 dc
205 1012 341 1078 Pallene
358 1014 483 1097 virgine
501 1014 591 1077 humi
608 1019 772 1098 prostrata
788 1015 905 1098 agitur,
923 1015 1040 1078 melius
1057 1014 1120 1078 diei
1137 1037 1209 1079 cum

59 1117 185 1182 dativo
208 1114 267 1181 ἐπὶ
289 1115 372 1203 πέζῃ
397 1119 566 1198 existimo,
591 1124 660 1182 tum
683 1125 793 1182 autom
817 1119 932 1184 eadem
955 1120 1037 1183 baec
1062 1120 1209 1185 clausula

59 1221 172 1285 etiam
195 1221 283 1306 apud
305 1221 444 1285 Paulum
467 1222 589 1305 legitur
613 1221 643 1303 (I
660 1225 751 1304 251);

693 1320 737 1397 ὧν
759 1325 826 1397 ὑπὸ
850 1332 954 1414 πέζαν

226 1431 332 1512 κίονες
355 1428 527 1520 ἱδρύσαντο
549 1429 695 1525 καρήατα
718 1433 838 1519 diuum
859 1436 979 1524 χαλκῷ.

60 1548 107 1612 111
125 1547 370 1632 epigrammatis
385 1548 466 1611 haec
482 1548 605 1610 inveni:
629 1547 677 1611 VI
692 1551 741 1628 75,
756 1552 774 1611 5
790 1543 894 1634 νεαρά,
930 1549 978 1613 VI
995 1554 1046 1629 54,
1064 1553 1082 1612 5
1098 1545 1209 1636 χορδά.

61 1651 157 1715 XVI
176 1652 246 1727 118,
264 1653 282 1714 3
306 1647 422 1716 έκεένα.
468 1651 517 1715 VI
534 1655 584 1732 57,
602 1657 631 1717 4.
650 1655 667 1714 7
693 1646 855 1736 αἱγανέαν,
871 1649 1011 1737 χορείαν.
1057 1653 1172 1733 11184,
1194 1659 1202 1714 1

63 1748 180 1818 λαιάν.
204 1756 291 1832 84,6
316 1748 514 1839 Νικαγόραν.

161 1855 282 1921 Contra
322 1858 565 1942 participiorum
599 1858 816 1921 nominativus
852 1858 1024 1941 singularis
1063 1859 1209 1922 feminini

66 1979 181 2044 neque
203 1959 289 2045 apud
305 1960 457 2023 Nonnum
481 1980 587 2045 neque
610 1960 697 2045 apud
720 1960 858 2022 Paulum
882 1961 937 2024 fini
960 1982 1075 2025 versus
1101 1962 1210 2024 obstat

70 2063 134 2147 (ci.
156 2062 193 2126 II
209 2066 335 2128 77.173
360 2058 466 2127 ἰοῦσα.
491 2063 524 2125 Il
540 2065 601 2125 442
624 2062 772 2128 δεθεῖσα.
797 2066 859 2125 222
883 2056 1144 2151 ἀμφιβαλοῦσα).

160 2190 204 2230 -α
235 2167 362 2251 syllaba
390 2166 524 2250 pluralis
554 2166 684 2250 generis
714 2171 820 2229 noutr.
843 2166 995 2232 declinat.
1019 2167 1081 2248 ΙΙ.,
1114 2189 1209 2252 quam

70 2270 251 2334 clausulam
270 2270 356 2356 apud
371 2269 510 2332 Paulum
528 2269 732 2332 substantiva
755 2275 788 2333 et
805 2269 964 2333 adiectiva
981 2270 1139 2336 exhibent
1155 2271 1210 2353 (ef.
1279 2332 1283 2340 .

73 2371 112 2437 II
130 2375 171 2438 68
186 2374 282 2439 νῶτα.
329 2371 363 2436 Π
380 2376 441 2437 458
458 2365 584 2455 ὁμοῖα),
609 2393 673 2436 non
696 2375 827 2437 omnino
850 2375 952 2438 vitata
976 2382 1027 2439 est
1051 2375 1209 2451 alienun,

72 2484 112 2542 ut
136 2477 344 2542 Ludwichius
367 2482 509 2541 testatur
532 2479 577 2561 (p.
595 2475 660 2560 79).
684 2514 725 2522 -
753 2477 791 2540 111
815 2478 1058 2563 participiorum
1081 2499 1210 2563 quoque

72 2581 276 2645 nominativo
291 2581 409 2666 plural.
425 2586 530 2645 neutr.
546 2580 629 2644 haec
646 2581 792 2645 clausula
807 2582 915 2645 locum
931 2587 1031 2645 tenet.
1049 2582 1088 2648 cf.
1107 2603 1135 2647 a.
1151 2587 1211 2645 115

73 2680 228 2772 φανέντα.
273 2684 369 2747 Iros
392 2680 558 2748 κλιθέντα.

165 2787 366 2873 Saepissime
390 2793 499 2851 autem
523 2794 701 2873 usurpatur
723 2787 806 2851 decl.
829 2788 891 2853 ΙΙΙ.
916 2789 1121 2852 accusativus
1145 2789 1211 2851 sin-

74 2891 156 2976 gul,
180 2891 290 2976 quiin
314 2914 354 2954 -c
376 2891 444 2953 exit
468 2888 607 2974 (scilicet
630 2891 801 2954 masculini
823 2891 971 2975 generis,
995 2913 1071 2954 nam
1097 2898 1213 2955 neutra

74 2993 298 3079 repudiantur.
332 2992 380 3058 ef.
410 2993 524 3057 Ludw.
558 3015 588 3078 p.
612 2996 682 3075 79);
706 2994 739 3056 in
762 2994 857 3058 Pauli
882 2996 1024 3058 carmine
1047 2994 1107 3058 hos
1131 2994 1212 3059 duos

74 3099 205 3163 inveni:
227 3097 349 3179 χιτῶνα
382 3099 428 3182 (a.
447 3099 516 3177 136,
541 3117 641 3181 saepe
670 3097 755 3181 apud
778 3097 942 3177 Nonnum‚
966 3098 1007 3162 cf.
1034 3103 1061 3178 1,
1078 3100 1155 3183 480)
1180 3106 1213 3164 et

75 3195 192 3266 ἑλόντα
214 3201 244 3280 (Ι
263 3200 348 3284 125).
659 3196 662 3202 ’

85 3299 91 3308 ’
164 3305 289 3370 Verum
313 3303 467 3367 adverbia
490 3303 523 3365 in
546 3326 568 3366 α
591 3303 747 3366 exeuntia
776 3302 862 3388 apud
886 3309 1058 3388 utrumque
1081 3311 1212 3390 poetam

75 3408 263 3473 hexametri
277 3406 442 3470 clausulae
456 3406 620 3469 contraria
633 3412 708 3469 sunt
719 3427 783 3470 uno
795 3407 953 3471 vocabulo
966 3402 1049 3471 ἔνθα
1060 3413 1212 3493 exceptu,

76 3531 153 3595 quo,
177 3532 250 3575 curn
268 3509 372 3574 semel
394 3509 426 3571 in
443 3508 474 3571 N
476 3510 552 3571 onni
569 3510 710 3572 carmine
726 3509 918 3594 reperiatur,
934 3509 1056 3572 Paulus
1072 3510 1213 3573 usitatur

75 3615 110 3678 in
137 3635 196 3679 sex
219 3632 335 3677 versus
359 3611 477 3675 finibus
502 3611 533 3694 (Ι
551 3613 622 3677 248.
646 3611 681 3673 Π
700 3614 770 3678 151.
794 3632 823 3677 a.
849 3614 909 3674 106
934 3609 1020 3694 etc).

164 3716 305 3780 Omnino
330 3721 439 3779 autem
455 3714 591 3778 Nonnus
615 3714 755 3778 exclusit
779 3736 821 3778 ex
844 3715 904 3779 hac
926 3716 1109 3779 hexametri
1134 3715 1212 3779 sede

74 3820 191 3885 verbi
214 3819 230 3882 f
234 3819 324 3882 initi
348 3817 468 3881 formas
491 3818 530 3880 in
553 3841 574 3880 α
597 3825 654 3880 aut
677 3841 717 3881 αν
740 3824 909 3881 exeuntes.
956 3817 1028 3891 Qua
1050 3817 1091 3882 de
1115 3840 1214 3882 causa

75 3924 182 3989 solam
211 3920 397 3987 huiusmodi
425 3921 563 3984 formam
590 3914 750 4006 χάραξαν,
780 3941 863 4005 quae
886 3922 1006 4005 legitur
1034 3922 1065 3984 in
1090 3921 1213 3986 Graefii

76 4026 221 4091 editione
244 4024 278 4088 Π
295 4027 368 4104 277,
390 4022 600 4087 Ludwichius
611 4025 635 4105 ¹)
659 4025 785 4104 eadem,
807 4031 845 4088 ut
866 4025 1004 4104 videtur,
1028 4025 1214 4090 coniectura

75 4134 185 4197 eicere
205 4130 317 4213 voluit,
341 4151 438 4215 quam
454 4128 604 4193 Graefius
629 4149 744 4193 sensus
766 4150 895 4194 conexu
919 4129 1070 4194 inductus
1098 4131 1131 4194 in
1154 4130 1212 4195 ad-

73 4274 283 4282 ———-⁴—---·

168 4357 189 4423 ¹)
208 4355 291 4410 Bct'tr.
310 4372 336 4424 p.
351 4354 398 4416 80;
424 4370 488 4406 nam
511 4353 540 4406 in
563 4353 656 4406 annal.
676 4353 745 4422 phil.
764 4352 833 4416 clx,
852 4371 879 4422 p.
895 4353 947 4407 4712
969 4369 1030 4406 eum
1054 4353 1137 4407 aliter
1155 4371 1214 4406 eou-

73 4440 185 4497 rexisse
203 4441 276 4494 infra
294 4439 497 4508 intellegemus.
