2774 4724
591 301 784 363 ..8-

121 494 219 557 supra
242 472 377 536 laudata
401 478 514 537 vetare
540 470 705 552 videntur,
736 492 818 556 quae
843 490 917 534 mea
940 468 1074 553 quidem
1100 470 1272 535 sententia

120 575 161 639 ab
186 575 379 659 aequalibus
402 575 471 641 fere
496 574 762 640 adulescentibus
786 574 906 659 scripta
928 571 1049 657 sunt1).

207 678 346 743 Omnino
370 700 435 743 non
459 678 670 743 conturbatur
697 677 807 763 opinio
837 681 949 740 nostra
970 674 1067 739 Pauli
1094 677 1267 764 epigram-

120 787 207 846 mate
231 781 281 845 IX
297 784 375 862 658,
406 802 470 866 quo
498 781 538 845 de
568 802 688 865 magno
717 780 871 866 Byzantii
899 781 1061 866 praetorio
1090 801 1112 844 a
1134 781 1264 847 Iustino

119 870 315 972 imperatore
349 886 499 949 restituto
535 884 651 970 agitur.
710 883 795 948 Nam
832 885 894 948 hoc
927 884 1127 969 imperatore
1164 891 1264 973 atque

118 988 293 1066 Domnino,
317 989 385 1052 viro
400 989 528 1053 illorum
548 994 732 1074 temporum
755 987 833 1050 iuris
850 987 1059 1072 peritissimo,
1083 991 1263 1055 nominatis

119 1113 326 1177 nequaquam
350 1093 510 1176 cogimur,
540 1097 576 1154 ut
598 1092 659 1155 hoo
684 1112 814 1155 carmen
843 1091 941 1156 etiam
966 1096 1072 1155 ortum
1097 1113 1178 1158 esse
1202 1095 1260 1159 sub

119 1195 244 1261 Iustino
267 1196 503 1259 existimemus.
549 1193 643 1267 Quod
666 1195 692 1258 si
709 1196 944 1280 acciperemus,
960 1194 1100 1259 Paulum
1123 1197 1261 1282 triginta

100 1299 188 1364 ‘fere
207 1299 300 1363 annis
318 1304 394 1363 ante
410 1300 585 1384 Agathiam
602 1304 714 1362 natum
730 1298 832 1362 luisse
850 1298 943 1361 nobis
960 1298 1142 1383 putandum
1160 1308 1257 1366 esset.

22 1476 26 1491 ι
208 1403 391 1488 Aequalem
419 1405 517 1489 igitur
543 1404 612 1468 iere
642 1402 783 1467 Paulum
812 1404 915 1467 amieo
945 1403 1046 1468 fuisse
1070 1405 1258 1485 statuimus,

24 1494 28 1539 ί
121 1527 259 1591 quocum
296 1529 426 1593 semper
462 1507 625 1571 artissima
660 1507 803 1570 amicitia
837 1512 870 1570 et
902 1507 1059 1590 imprimis
1097 1511 1258 1574 communi

120 1611 302 1674 litterarum
330 1611 435 1675 studio
464 1612 655 1675 coniunctus
685 1632 757 1674 esse
791 1609 928 1675 videtur.
974 1610 1060 1673 Num
1088 1612 1258 1679 intereos

120 1735 247 1798 quoque
271 1720 369 1799 poeta
390 1720 503 1779 noster
526 1715 744 1779 numerandus
770 1716 821 1795 sit,
845 1714 1005 1798 aquibus
1030 1737 1065 1780 se
1086 1715 1256 1782 incitatum

120 1838 193 1881 esse
223 1817 264 1880 ad
294 1818 481 1882 scribendas
512 1819 665 1882 historias
693 1820 764 1904 ipse
792 1818 951 1903 Agathias
982 1818 1061 1882 dicit
1092 1820 1126 1884 in
1156 1822 1257 1906 praef.

120 1941 150 2005 p.
169 1923 198 2000 7,
218 1919 304 2004 19²),
328 1921 410 1985 scire
433 1919 652 2006 nequimus3).

206 2022 258 2088 De
268 2024 362 2088 Pauli
374 2025 498 2089 familia
510 2025 646 2089 duorum
660 2026 930 2110 epigrammatum
941 2027 1096 2091 lemmata
1107 2030 1257 2094 notitiam

123 2127 295 2208 exhibent,
321 2128 481 2213 siquidem
505 2150 584 2194 vera
606 2129 701 2193 nobis
724 2129 873 2204 traduut;
896 2130 978 2194 haee
1002 2133 1089 2196 enim
1115 2137 1259 2200 carmina
1316 2132 1318 2185 l

118 2230 185 2294 VII
200 2234 263 2294 604
289 2237 321 2296 et
342 2231 392 2296 IX
407 2236 468 2296 770
491 2234 524 2297 in
547 2233 629 2297 filias
652 2233 747 2297 Pauli
770 2234 893 2319 scripta
918 2240 1001 2298 sunt.
1047 2236 1163 2302 Priore
1189 2241 1256 2325 qui-

120 2332 195 2398 dem
220 2335 454 2419 epigrammate
478 2336 674 2400 lamentatur
698 2342 795 2420 poeta
814 2335 854 2400 de
878 2336 1090 2404 Macedoniae
1122 2342 1257 2428 virginis

120 2443 222 2501 morte
239 2444 457 2522 praematura.
482 2438 520 2503 cf.
539 2440 659 2502 lemma
677 2435 723 2516 εἰς
746 2433 842 2525 κόρην
864 2435 937 2504 τινὰ
957 2439 1173 2509 Μακεδονίαν
1196 2447 1258 2513 διυ-

119 2536 242 2604 δεκίτιν
264 2534 503 2627 τελευτήσασαν
527 2560 534 2574 ·
557 2530 597 2628 ἦν
620 2539 656 2605 δὲ
677 2536 824 2628 θυγάτηρ
850 2544 909 2608 τοῦ
938 2536 1039 2608 αίτοῦ
1069 2542 1209 2615 Παύλου
1238 2544 1257 2637 ἡ

118 2639 362 2728 Μακεδονίαέ).
413 2644 452 2707 In
475 2644 561 2709 filiae
591 2646 743 2729 poculum
772 2667 822 2730 cp.
848 2646 898 2710 IX
917 2651 976 2710 770
1010 2647 1147 2732 (Χεῖλος
1167 2645 1257 2719 Ἀνι-

119 2779 322 2786 —-.---—-.

211 2870 229 2935 1)
249 2867 403 2922 Lectitassc
422 2867 573 2937 Agathiam
591 2867 672 2921 Pauli
699 2868 844 2937 ecphrasin
863 2886 913 2938 per
935 2888 964 2924 se
987 2871 1180 2943 intellegitur;
1213 2879 1258 2933 sed

123 2953 209 3008 etiarn
228 2956 304 3008 certa
322 2954 405 3009 amici
429 2954 515 3008 verba
538 2954 564 3008 ei
588 2954 618 3007 in
636 2956 758 3008 arentem
782 2955 890 3010 venisse
909 2961 979 3025 puto
998 2958 1028 3011 in
1047 2961 1149 3017 eall.
1168 2968 1257 3033 parte,

122 3057 179 3108 qua
201 3045 328 3109 quamvis
352 3040 471 3110 carptim
496 3044 693 3110 argumentum
716 3040 912 3110 descriptionis
932 3043 1020 3098 addit.
1056 3046 1192 3103 Animum
1212 3052 1259 3105 ad·

118 3127 197 3179 verte
217 3143 319 3194 quaeso
343 3127 379 3180 ad
401 3127 475 3181 huno
488 3127 629 3196 Agathiae
642 3127 732 3180 locum
752 3128 789 3195 (p.
800 3128 858 3191 aar,
872 3128 908 3195 9);
928 3129 1050 3200 εὑρήσεις
1066 3131 1122 3204 γάρ
1142 3131 1178 3186 ἂν
1198 3137 1258 3204 (sic)

118 3211 149 3264 ἐν
168 3208 259 3271 ου’τοϊς
280 3215 327 3280 (sc.
341 3213 397 3271 τοῖς
416 3211 460 3265 έπί
478 3215 517 3283 τῷ
535 3215 587 3283 νεῷ
601 3213 763 3284 εἰρημένοις)
777 3243 810 3250 -
823 3215 930 3281 μεγέθη
949 3233 978 3268 τε
996 3214 1041 3267 καὶ
1054 3217 1197 3287 δψοίματα
1215 3221 1258 3276 καί

118 3295 172 3349 ὅσα
196 3298 397 3370 ἰθίγραμμα
422 3298 553 3368 σχήματα
582 3297 627 3350 καὶ
656 3297 708 3350 ὅσα
731 3299 868 3350 nouitati
891 3299 936 3352 καὶ
961 3298 1013 3353 ὅσα
1036 3302 1193 3377 ἐκκρεμῆ
1214 3308 1258 3362 καὶ

122 3385 321 3454 προτεταμένα.
359 3384 529 3450 Quibuscum
554 3385 740 3454 comparanda
759 3387 824 3438 sunt
847 3385 916 3440 haec
934 3388 1015 3441 Pauli
1037 3389 1123 3444 verba
1148 3394 1259 3462 (1237):

120 3470 147 3529 ἐς
163 3471 244 3539 βάσιν
256 3467 506 3544 εὐθύγραμμος
517 3470 622 3545 ὕπερθε
633 3472 664 3524 δὲ
682 3472 813 3530 κύκλιος
826 3469 916 3533 ἄντυξ.
930 3491 1026 3528 vocem
1039 3478 1135 3530 autem
1148 3479 1259 3554 ἐκκρε-

118 3554 173 3626 μής
201 3558 391 3626 frequentavit
419 3559 522 3613 Paulus
556 3559 586 3612 in
616 3559 802 3627 descriptione
827 3560 861 3613 of.
880 3560 906 3612 ΙΙ
924 3561 957 3615 70
980 3561 1122 3634 ε’κκρεμεές
1147 3566 1260 3638 λάϊγγες
1316 3592 1318 3605 ·

119 3643 308 3714 ε’τορνοίσαντο
327 3644 441 3717 πορείην
459 3648 488 3701 et
505 3647 564 3700 404.
583 3648 642 3701 409.
660 3646 720 3701 436.

209 3731 230 3798 ²)
251 3729 347 3783 Πολλοί
372 3731 404 3784 δέ
427 3751 463 3801 με
487 3731 532 3785 καί
554 3735 608 3786 τῶν
631 3731 791 3800 ἐπιτηδείων
808 3731 963 3801 ἐπείγοντες
986 3731 1032 3785 καί
1050 3735 1260 3808 ἐγκελευόμενος
1316 3722 1318 3799 ζ

118 3815 281 3888 ἐξηρέθισαν
305 3816 355 3885 τήν
380 3817 471 3889 ὁρμήν
495 3816 541 3870 καί
564 3818 737 3889 ἐπέρρωσαν,
761 3818 792 3870 ἐν
809 3818 865 3877 τοῖς
884 3815 1052 3888 Εδτυχιανδς
1070 3821 1086 3872 o‘
1103 3824 1166 3883 νέος
1184 3840 1192 3855 ·
1211 3823 1259 3899 ἆρ-

117 3904 204 3971 χηγός
222 3922 251 3956 τε
269 3891 305 3972 ἦν
324 3906 371 3972 τῆς
383 3907 569 3977 παραινέσεως
582 3902 651 3978 ἁνήρ
669 3904 704 3958 tri
720 3906 814 3974 πρῶτα
830 3905 916 3957 τελῶν
934 3904 964 3957 ἐν
982 3906 1039 3965 τοῖς
1056 3909 1112 3960 τῶν
1123 3913 1260 3976 βασιλέων

117 3988 312 4061 δπογραφεῧσι
330 3992 384 4044 κτλ.

207 4077 229 4142 ³)
249 4076 435 4131 Niebuhrium
455 4078 569 4146 quidem
588 4095 645 4133 non
663 4076 897 4146 vituperabimus,
917 4079 965 4147 qui
984 4080 1037 4134 hoc
1055 4081 1191 4151 coniecit3
1212 4085 1259 4141 sed

118 4160 231 4214 omnino
262 4180 316 4216 non
347 4163 433 4233 probo
457 4165 666 4228 Kortuemium‚
694 4163 743 4231 qui
771 4163 850 4216 nulla
880 4163 1048 4235 interposita
1077 4168 1259 4228 dubitatione

118 4247 237 4300 Paulum
257 4265 290 4301 ex
308 4249 405 4304 amicis
424 4250 482 4304 illis
500 4250 585 4304 fuisse
604 4250 756 4305 contendit.

206 4334 227 4402 ⁴)
246 4333 278 4386 In
297 4334 411 4389 Anthol.
424 4336 542 4391 Planud.
554 4337 743 4406 superscripta
762 4339 828 4391 sunt
840 4337 925 4391 verba
943 4338 987 4391 ἐπὶ
1005 4341 1039 4408 τῇ
1057 4339 1114 4409 ldie
1127 4343 1257 4417 θυγατρί.

117 4419 274 4475 Brunokius
293 4418 311 4489 ἢ
329 4422 501 4476 Μακεδονίαν
524 4424 607 4478 scribi
630 4425 739 4479 mavult
761 4423 846 4492 ,μνία
864 4425 947 4480 huius
969 4426 1054 4480 filiam
1072 4427 1126 4482 hoc
1142 4431 1258 4489 nomine
