2774 4724
647 304 859 361 -54-

182 474 282 552 tione,
306 473 437 536 omnino
461 478 512 536 est
536 471 746 551 reiciendum,
772 477 804 535 et
828 472 905 555 quia
929 493 1035 556 neque
1054 471 1192 536 Nonnus
1217 493 1324 556 neque

184 577 308 640 Paulus
331 596 486 660 umquam
509 575 542 637 in
559 574 782 660 descriptione
799 576 992 660 pronomina
1013 575 1094 638 elisa
1110 575 1325 657 admiserunt,

182 686 216 745 et
247 679 332 765 quod
361 699 537 762 numquam
567 699 704 742 caesura
731 673 816 742 κατὰ
843 674 954 763 τρίτον
975 680 1128 763 τροχαῖον
1152 680 1326 743 elisionem

182 785 315 870 patitur.
362 781 477 866 Itaque
501 781 618 845 melius
641 781 816 846 Bekkerus
840 782 937 845 huius
961 803 1076 846 versus
1100 782 1254 845 lacunam
1279 784 1326 846 sic

184 888 344 972 explevit:
373 878 484 950 πάντα
516 881 574 948 καὶ
605 877 760 969 ἑσπερίην
790 907 853 963 τις
885 883 944 950 ἐπὶ
978 882 1085 950 κλίσιν
1118 878 1179 951 ἶσοι
1213 881 1326 975 νοήσει

183 991 316 1055 laudato
340 1010 438 1053 versu
460 987 590 1051 11170:

225 1101 284 1174 ἶσα
300 1105 336 1173 δὲ
350 1110 421 1185 τοῖς
436 1100 598 1192 ὑπένερθε
609 1104 666 1171 καὶ
678 1101 791 1193 ὑψόθι
806 1103 917 1173 πάντα
932 1104 1043 1195 νοήσει
1060 1109 1118 1193 (sc.
1130 1105 1184 1187 τίς
1196 1132 1225 1174 v.
1241 1110 1326 1195 171).

184 1229 229 1293 Et
260 1227 355 1291 valde
386 1227 595 1291 confirmatur
621 1227 703 1291 haec
731 1229 921 1293 coniectura
949 1229 1061 1294 codice
1091 1229 1266 1312 Palatino,
1294 1232 1326 1293 in

185 1354 248 1418 quo
273 1330 527 1395 Stadtmuellero
550 1336 636 1394 testo
660 1329 743 1394 haec
766 1333 938 1415 leguntur:

331 1445 442 1515 πάντα
464 1447 521 1514 καὶ
544 1444 681 1535 ἑσπερι.
700 1500 707 1516 .
723 1473 773 1528 τις
795 1448 854 1515 ἐπὶ
876 1447 984 1517 κλίσιν
1005 1447 1061 1518 ἰ’σ.
1079 1503 1108 1518 ..
1132 1447 1218 1541 ήσει.

184 1575 224 1638 In
241 1573 483 1660 epigrammatis
495 1571 598 1635 semel
611 1571 676 1656 (IX
685 1574 758 1651 664,
769 1571 800 1657 1)
814 1566 928 1637 ἐνθάδ’
940 1575 1058 1637 vocula
1071 1576 1220 1656 occurrit,
1233 1597 1330 1660 quam

186 1680 214 1742 ai
236 1699 301 1740 non
316 1675 468 1740 Nonnum
485 1681 595 1739 tamen
611 1674 863 1760 Triphiodorum
879 1681 913 1740 et
930 1675 1118 1741 Oolluthum
1135 1679 1330 1743 adhibuisse

187 1781 398 1845 Ludwichius
420 1780 561 1844 edocuit.
608 1778 674 1843 Suo
699 1781 769 1844 iure
791 1786 900 1845 autem
929 1781 1117 1846 emendavit
1139 1783 1188 1845 vir
1212 1783 1331 1847 doctus

189 1887 222 1967 (l.
248 1886 268 1950 l.
299 1905 373 1970 pag.
394 1883 477 1968 613)
510 1881 552 1945 A.
579 1883 615 1946 Ρ.
645 1881 677 1945 V
696 1885 768 1964 291,
794 1888 808 1946 1
842 1873 1034 1948 adverbium
1071 1883 1148 1950 ποτ’
1183 1886 1332 1951 codicem

188 1990 293 2054 Palat.
318 1994 462 2069 secutus,
485 1988 539 2072 qui
562 1978 658 2051 εἷπον
676 1989 898 2072 superscripto
923 1990 1083 2053 vocabulo
1106 1987 1166 2072 μέν
1183 1991 1332 2056 exhibet.

188 2094 258 2158 Nec
289 2093 396 2156 minus
428 2091 606 2156 editionum
636 2091 733 2155 lectio
763 2089 834 2178 τῆλ’
858 2086 975 2169 ἔθανες
999 2091 1081 2175 (VII
1103 2095 1177 2173 560,
1196 2096 1228 2175 2)
1258 2095 1331 2180 ipso

190 2196 300 2260 codice
322 2195 490 2275 refellitur,
512 2195 546 2257 in
562 2215 624 2278 quo
638 2194 737 2279 plane
754 2215 792 2258 ac
806 2195 946 2258 dilucide
959 2196 1078 2279 legitur
1089 2195 1166 2282 τῆλε
1178 2190 1282 2275 θάνες
1294 2199 1332 2284 ¹).

276 2315 438 2380 Elisiones
461 2314 584 2378 Paulus
609 2314 720 2400 posuit

278 2459 307 2502 a.
336 2437 369 2500 in
387 2435 549 2501 arcibus
572 2435 599 2498 I.
622 2435 668 2501 ΙΙ.
690 2435 746 2501 V.:
774 2427 844 2500 ἀλλ’
869 2434 949 2519 (21)).
973 2428 1042 2500 orid’
1067 2435 1080 2520 (
1103 2435 1126 2521 ).
1153 2475 1193 2483 —
1217 2437 1246 2500 I.
1272 2438 1332 2502 V.:

188 2535 240 2628 ἠδ’
260 2540 319 2626 (2).
334 2578 373 2586 -
387 2539 431 2603 L:
454 2537 530 2624 μηδ’
551 2537 563 2621 (
586 2537 610 2622 ).
633 2536 661 2623 ῥ’
679 2537 727 2623 (1)
752 2539 790 2602 A.
808 2539 859 2604 P.:
876 2530 962 2623 ὄνθ’.
982 2534 1085 2621 μίμν’.
1110 2577 1148 2586 -
1173 2539 1234 2603 ΙΙ.;
1261 2535 1332 2605 ἔνθ’

191 2644 246 2728 (A.
269 2641 354 2729 P.2))
377 2680 418 2689 -
442 2642 497 2707 V.:
521 2636 580 2707 εἴτ’
606 2642 619 2727 (
642 2641 665 2725 ).

275 2767 461 2851 Numquam
476 2765 577 2849 igitur
591 2765 625 2827 in
641 2764 738 2828 tertia
754 2765 819 2827 arsi
841 2765 862 2826 i.
881 2786 909 2828 e.
931 2763 964 2827 in
981 2764 1216 2849 semiquinaria
1236 2766 1334 2830 elisio

191 2869 372 2933 admittitur
395 2873 493 2952 atque
516 2886 557 2929 ne
581 2862 617 2930 δὲ
632 2865 762 2949 quidem
780 2867 928 2946 voculae,
952 2886 1035 2949 quae
1053 2887 1166 2930 omnes
1184 2866 1334 2952 reliquas

194 2994 285 3037 arses
309 2972 385 3056 quin
409 2971 508 3035 etiam
532 2974 680 3053 quartam
706 2989 865 3054 occupare
888 2974 997 3054 potest
1024 2975 1057 3033 et
1081 2969 1335 3034 usitatissimam
1368 3023 1370 3026 ,

195 3075 296 3141 efficit
319 3073 499 3139 elisionem.

277 3197 309 3260 b.
333 3196 373 3259 ln
397 3193 589 3259 thesibus
612 3192 914 3279 posterioribus
946 3192 1066 3256 multas
1091 3192 1249 3256 elisiones
1275 3193 1336 3259 de-

191 3299 423 3385 prehendimus
454 3298 488 3360 in
515 3297 654 3382 pedibus
677 3295 704 3361 I.
727 3295 789 3359 III.
806 3295 863 3361 V.:
896 3293 950 3360 ἐπ’
975 3294 1056 3379 (17).
1079 3289 1137 3359 ὑπ’
1161 3295 1246 3380 (17).
1272 3289 1336 3361 ἀπ’

192 3402 275 3487 (12).
291 3439 334 3449 -
349 3402 376 3467 I.
392 3401 472 3466 ΙΙΙ.;
490 3401 569 3485 παρ’
587 3398 647 3484 (6).
666 3397 736 3482 μετ’
754 3397 814 3483 (4).
837 3393 885 3464 ὅτ’
903 3399 963 3484 (3).
987 3435 1028 3446 -
1051 3398 1078 3461 I.
1094 3399 1147 3463 V.:
1171 3396 1225 3481 τ’(
1252 3403 1275 3482 ).
1297 3439 1334 3449 -

191 3506 236 3571 I.:
261 3499 320 3571 ὅδ’.
345 3499 414 3571 τόδ’
438 3505 478 3570 A.
503 3504 540 3567 P.
564 3539 604 3549 —
628 3502 710 3567 ΙΙΙ.;
734 3500 806 3566 κατ’
832 3504 911 3586 (12).
935 3500 979 3566 δι’
1004 3500 1062 3586 (2).
1086 3494 1136 3587 ἆρ’
1160 3502 1216 3588 (A.
1241 3504 1308 3589 P.)

280 3619 355 3693 oilae
371 3629 475 3692 semel
491 3632 567 3713 post
579 3626 719 3711 primum
734 3625 852 3711 pedem
870 3625 1001 3689 eliditur
1017 3626 1051 3688 in
1066 3623 1107 3690 A.
1120 3625 1157 3691 P.
1171 3626 1203 3690 V
1214 3629 1291 3710 279,
1305 3632 1337 3692 6.

194 3732 334 3796 Omnino
358 3732 479 3794 vitatur
502 3731 593 3794 elisio
616 3730 649 3792 in
665 3730 846 3814 posteriore
863 3729 949 3792 thesi
964 3727 1058 3813 pedis
1074 3727 1134 3800 II.;
1157 3729 1191 3791 in
1215 3730 1339 3796 eadem

193 3835 272 3900 sede
293 3834 385 3921 pedis
402 3833 471 3914 IV„
495 3839 531 3897 ut
553 3834 586 3896 in
610 3832 684 3912 arsi,
709 3832 811 3895 solam
828 3828 865 3896 δέ
879 3832 1026 3895 voculam
1045 3831 1224 3895 adhibitam
1241 3835 1339 3899 vide-

193 3959 265 4001 mus
289 3958 426 4022 eamque
448 3936 498 4003 bis
523 3936 556 3999 in
579 3935 717 3999 ambone
742 3934 808 4019 (41.
832 3933 898 4018 84).

283 4213 303 4277 ¹)
322 4210 422 4277 Itaque
431 4208 545 4263 omnino
560 4223 616 4261 non
625 4206 786 4276 indigemus
796 4206 1023 4276 apographorum
1031 4205 1148 4259 Parisin.
1159 4208 1211 4260 aut
1219 4207 1340 4264 Salmas.

196 4297 376 4360 auctoritate,
395 4296 430 4348 ad
450 4312 534 4364 quam
552 4293 676 4364 respexit
693 4293 873 4348 Lndwichins
890 4293 909 4346 l.
927 4293 945 4347 l.
964 4311 991 4362 p.
1010 4293 1061 4345 612
1072 4310 1112 4360 sq.

280 4403 301 4468 ⁸)
318 4399 476 4474 Angendus
494 4399 584 4473 igitur
603 4401 646 4455 est
661 4398 820 4454 huduiohii
836 4401 1007 4470 conspectus.
1027 4397 1124 4466 (Bcttr.
1138 4415 1169 4468 p.
1182 4401 1237 4471 31).
