2774 4724
624 654 668 716 ll.

297 870 348 936 Ile
372 869 478 935 Pauli
500 866 705 937 SilentIarii
728 871 808 934 arte
832 869 995 935 metrica.

167 1052 369 1118 Godofrcdus
393 1051 614 1133 Hermannus,
638 1054 687 1116 vir
709 1054 763 1117 illc
786 1047 1036 1138 μετρικώτατος,
1060 1054 1091 1116 in
1116 1075 1211 1138 prae-

96 1154 256 1219 clarissimo
289 1155 344 1219 illo
371 1155 470 1236 libro,
505 1157 559 1240 qui
590 1155 733 1241 Orphica
764 1157 966 1236 inscribitur,
1003 1178 1075 1220 cum
1110 1157 1211 1221 hexa-

96 1264 216 1322 metrum
241 1259 313 1322 aliis
337 1259 538 1344 temporibus
563 1261 658 1324 aliter
677 1261 852 1324 formatum
876 1281 949 1324 esse
966 1259 1212 1340 demonstraret,

96 1364 172 1444 quasi
200 1362 370 1426 historiam
400 1363 521 1426 evolvit
544 1385 658 1427 versus
682 1364 806 1428 heroici
829 1365 875 1448 (p.
892 1365 954 1427 687
972 1363 1066 1447 sqq.).
1112 1362 1212 1426 Cuius

95 1485 192 1530 versus
215 1487 299 1551 quae
322 1466 471 1551 propriae
496 1467 561 1530 sint
575 1466 728 1532 licentiae
754 1472 786 1532 et
810 1488 905 1552 quam
930 1466 1019 1530 varie
1038 1467 1114 1530 illae
1138 1465 1212 1530 inde

96 1567 130 1631 ah
153 1569 293 1634 Homero
328 1591 431 1654 usque
464 1570 505 1633 ad
538 1577 721 1656 postremos
749 1578 864 1657 poetas
893 1572 1002 1656 epicos
1034 1576 1212 1655 usurpatae

97 1671 159 1754 sint,
178 1673 332 1744 ostendit:
357 1694 417 1738 nee
430 1675 536 1738 minus
554 1676 684 1760 copiose
701 1675 846 1761 disputat
869 1675 909 1739 de
932 1675 1066 1759 singulis
1083 1674 1211 1758 legibus

96 1773 189 1839 llonni
218 1779 353 1862 eiusque
386 1778 634 1864 discipulorum,
667 1779 700 1842 in
733 1800 867 1864 quorum
891 1799 1026 1843 numero
1051 1779 1211 1863 epigram-

10 1958 14 1963 ·
95 1881 214 1946 matioos
248 1882 387 1946 Paulum
421 1882 660 1956 silentiarium,
694 1883 882 1962 Leontium,
916 1879 1146 1946 Macedonium
1180 1887 1212 1944 et

96 1979 259 2064 Musaeum,
283 1984 546 2070 Triphiodorum,
564 1985 757 2065 Colluthum,
775 1985 1032 2060 Ohristodorum,
1055 1984 1210 2048 Ioannem

97 2083 263 2170 Gazaeum,
298 2089 522 2174 Apollinarem
558 2090 666 2155 habet.
720 2091 804 2154 Nam
836 2091 876 2154 de
900 2111 1109 2153 caesurarum
1140 2112 1211 2170 usu,

97 2189 132 2254 de
151 2194 348 2280 correptione
372 2193 482 2274 attica,
507 2194 547 2258 de
573 2195 718 2275 elisione,
743 2194 783 2258 de
808 2194 910 2269 hiatu,
935 2193 975 2256 de
998 2192 1211 2278 productione

100 2291 225 2361 brevium
249 2298 448 2382 syllabarum
472 2297 604 2361 disserit
628 2318 732 2381 caque
756 2297 797 2360 de
820 2319 867 2378 re,
892 2296 1051 2381 quomodo
1074 2293 1211 2361 Nonnus

98 2416 133 2459 ea
154 2406 202 2464 aut
231 2400 361 2465 omnino
393 2401 544 2465 vitaverit
571 2408 627 2465 aut
656 2422 727 2464 raro
757 2406 883 2464 tantum
911 2400 1071 2485 certisque
1100 2399 1211 2464 condi-

98 2498 226 2570 cionibus
249 2505 444 2571 adhibuerit.
490 2505 561 2570 Has
586 2506 768 2570 Hermanni
792 2505 1050 2584 observationes,
1077 2526 1212 2590 quarum

99 2605 169 2685 quod
188 2610 361 2674 nonnullae
385 2610 492 2673 minus
517 2610 692 2695 diligenter
716 2611 885 2695 expositae
910 2610 988 2688 sint,
1011 2629 1105 2672 nemo
1128 2610 1211 2672 vitu-

97 2710 217 2792 perabit,
241 2715 296 2798 qui
318 2713 379 2778 hoc
396 2735 495 2799 opere
511 2715 650 2799 primum
675 2713 714 2778 de
739 2714 788 2778 his
807 2713 904 2777 rebus
927 2713 981 2798 agi
996 2734 1106 2777 secum
1124 2734 1211 2776 com-

98 2816 250 2900 putaverit,
274 2820 331 2885 alii
348 2821 410 2883 viri
426 2820 511 2884 docti
535 2821 653 2906 partim
678 2820 718 2884 ad
740 2821 836 2884 finem
853 2819 1078 2905 perduxerunt
1094 2817 1210 2902 partim
1237 2848 1239 2852 ·

97 2916 176 2983 valde
191 2925 479 3010 amplificaverunt.
514 2924 606 2989 Inter
618 2947 697 3009 quos
713 2925 870 2989 Lehrsius
883 2923 919 3006 l),
936 2923 1162 2987 Volkmannus
1175 2918 1212 3004 2),

96 3017 287 3115 Tiedlrius³),
319 3026 545 3114 Hilbergius4)
575 3029 631 3092 alii
661 3029 766 3092 locum
800 3028 965 3093 obtinent:
993 3048 1071 3111 prae
1096 3025 1212 3089 ceteris

95 3131 189 3193 autem
210 3133 419 3196 Ludwichius
432 3132 469 3217 ⁵),
493 3133 542 3196 vir
564 3131 671 3195 Nonni
695 3131 921 3216 peritissimus,
946 3128 1127 3193 laudandus
1152 3136 1211 3192 est.

94 3265 133 3275 -
154 3230 210 3299 Sed
233 3236 273 3301 de
299 3242 495 3300 sectatorum
521 3256 648 3320 quoque
673 3241 742 3299 arte
766 3235 903 3298 metrica
924 3234 1071 3318 singulae
1091 3232 1210 3296 disser-

93 3333 217 3402 tationes
243 3340 385 3425 scriptae
412 3345 500 3414 sunt,
526 3347 563 3401 ut
586 3339 844 3424 praetermittam
868 3359 924 3401 eas
952 3337 1211 3413 observationes,

90 3458 167 3523 quas
188 3442 416 3530 demonstratis
440 3443 566 3528 legibus
589 3442 768 3507 Nonnianis
793 3463 812 3506 a
835 3443 912 3505 viris
935 3441 1036 3504 doctis
1063 3440 1210 3503 adnexae

170 3651 188 3716 ¹)
206 3650 335 3704 Lehrsius
355 3650 541 3718 ‘quaestiones
560 3649 672 3717 epicae'.
692 3648 866 3716 Regimontii
884 3649 974 3701 Pruss.
994 3647 1069 3710 1837,
1088 3645 1152 3698 diss.
1164 3644 1211 3697 IV.

168 3755 187 3821 ²)
204 3754 465 3809 RicVolkmannus
480 3753 737 3809 ‘commentationes
748 3753 861 3822 epicae'.
881 3751 991 3821 Lipsiae
1001 3750 1075 3812 1854,
1086 3748 1210 3803 comml.

170 3859 189 3925 ³)
208 3858 342 3912 Tiedkius
361 3857 437 3912 etin
460 3857 657 3912 dissertatione
677 3856 811 3924 (Berolini
832 3857 909 3922 1873)
930 3857 958 3908 et
976 3854 1005 3906 in
1024 3851 1211 3920 compluribus

80 3943 196 3998 Hermae
214 3944 495 3998 commentationibus
514 3944 590 4013 (tom.
610 3944 684 3997 XIII.
704 3943 779 4011 XIV)
798 3943 833 3995 de
850 3943 952 3995 Nonne
971 3939 1107 4008 exposuit.

168 4049 187 4114 ⁴)
205 4048 366 4118 Hilbergius
385 4049 446 4103 Das
464 4049 578 4117 Priacm
595 4049 641 4102 der·
659 4048 869 4116 Silbcnsudpuup.
911 4045 991 4098 Wicn
1009 4050 1080 4098 1873.

167 4153 186 4220 ³)
204 4153 284 4208 Arth.
298 4153 476 4208 Ludwichius
490 4154 616 4222 Beitrdpe
627 4168 676 4205 aar
687 4151 781 4205 Kana
798 4149 842 4203 dea
854 4149 974 4203 Nolanus
991 4164 1043 4201 oon
1056 4146 1211 4214 Panopolis.

73 4239 318 4308 Kdntbsbcr91873.
356 4241 448 4310 Proca.
459 4272 492 4280 —
507 4241 598 4295 Jalnb.
612 4241 634 4306 f.
647 4239 716 4293 Phil.
736 4239 806 4292 (ΠΧ
816 4257 843 4306 p.
855 4238 905 4291 441
918 4236 944 4288 ff.
960 4239 1010 4290 etc.
1047 4235 1125 4288 Adde
1138 4235 1211 4288 Guil.

71 4325 183 4397 Meyeri
209 4327 432 4383 dissertationem
457 4328 612 4395 (Sita-Ber.
635 4326 680 4380 der
701 4326 775 4395 capr.
802 4324 849 4377 Ac.
867 4323 893 4378 d.
913 4323 955 4377 W.
970 4322 1110 4390 phil-latet.
1125 4321 1213 4374 Classe

71 4415 151 4473 1884.
171 4411 198 4468 S.
210 4412 317 4482 stou).
