2774 4724
586 331 802 390 ..52-

123 495 194 548 Sunt
212 499 307 549 autem
325 496 356 548 hi
374 513 482 550 sersus:
500 498 577 550 1123
594 495 677 566 ἔργον
688 496 745 565 ἔην.
763 498 816 551 Μ
827 498 892 557 tad,-
907 495 987 556 ἴσως.
1006 498 1097 551 11147
1110 496 1166 551 ἐστὶ
1186 498 1264 566 πύλη.

122 582 175 634 3112
192 582 284 647 sistor
296 580 377 649 ἔχων.
389 585 443 637 blo
453 581 538 635 ὅσσον
549 583 624 652 ἔρως.
660 585 777 638 lenum
790 585 818 638 ll
829 586 889 650 210,
906 585 956 638 ubi
975 586 1005 638 in
1018 586 1122 639 Graelii
1141 585 1266 640 editione

125 667 230 735 legitur
247 663 311 719 ⁰1³«st
328 671 382 737 με’»
400 665 464 720 addi
483 671 580 737 sidroc,-
602 671 734 733 excludo,
757 670 825 738 quia
843 671 873 722 in
892 671 988 724 codice
1007 671 1098 724 Palat.
1117 667 1150 723 ori
1169 671 1267 740 μόνοις

124 756 190 806 stat.
228 754 328 822 ltaque
351 756 553 811 coniecturam.
577 773 661 824 quam
680 758 806 811 Graelius
829 757 859 808 in
877 757 1063 810 adnotatione
1082 759 1210 826 protulit,
1234 753 1266 810 ου’

123 839 236 907 μούνοις
260 840 471 908 praeferendam
489 857 548 894 esse
566 841 645 895 duco.
682 842 713 894 ln
731 842 860 895 omnibus
872 846 968 895 autem
987 843 1032 896 his
1044 844 1172 897 versibus
1184 861 1266 898 voca-

124 925 221 978 bulum
235 924 407 980 trochaicum
420 927 563 980 antecedit
576 927 705 981 iambico.
723 928 795 982 sicut
808 928 904 981 eadem
920 929 1031 982 ratione
1042 930 1120 998 apud
1133 931 1265 984 Nonnum

125 1016 177 1067 est.
212 1013 252 1066 of.
270 1012 373 1079 Meyer.
393 1012 410 1065 l.
429 1012 448 1065 l.
466 1031 493 1081 p.
506 1014 575 1067 1001
587 1031 647 1082 sqq.

169 1139 199 1199 2.
233 1135 272 1198 In
295 1135 516 1199 trochaicis
539 1135 756 1217 vocabulis*).

214 1279 243 1319 a.
277 1276 360 1339 quas
390 1256 504 1319 brevi
535 1257 668 1319 vocali
691 1256 916 1321 terminantur.
939 1278 1117 1342 numquam
1142 1260 1264 1324 Paulus

128 1360 276 1423 ultimam
291 1358 445 1443 produxit
460 1358 492 1421 in
510 1359 591 1431 arsi;
615 1379 693 1443 ergo
718 1359 779 1422 hac
795 1380 923 1444 quoque
940 1367 1093 1446 exparte
1111 1362 1263 1426 Nonnum

128 1464 190 1526 sibi
215 1463 358 1547 exempli
389 1462 491 1524 instar
514 1464 691 1547 proposuit.
735 1462 846 1547 Atque
870 1485 911 1526 ne
934 1462 1170 1530 Christodorus
1194 1468 1264 1551 qui-

127 1566 201 1629 dem
224 1568 308 1628 hanc
329 1565 576 1650 productionem
599 1565 740 1629 admisit.

214 1690 244 1752 b.
268 1689 425 1751 l'ltimam
451 1689 691 1752 trochaicor'um
714 1687 896 1757 verborum.
920 1710 1006 1772 quae
1028 1691 1061 1753 in
1085 1715 1125 1754 αι
1149 1698 1205 1755 aut
1229 1716 1266 1757 οι

128 1798 261 1857 exeunt.
285 1792 417 1876 longam
441 1792 577 1855 exhibet
600 1791 722 1855 Paulus

282 1895 315 1956 in
338 1895 405 1958 arsi
472 1895 507 1957 11
551 1894 604 1957 ΙΙΙ
650 1891 724 1980 [lt]
770 1893 801 1956 l'
848 1891 923 1980 [vl]

471 2035 508 2042 -
572 2002 583 2058 1
660 2033 701 2042 ..
782 1999 794 2057 1
873 2033 907 2043 -

215 2101 288 2164 Hac
316 2102 416 2185 igitur
443 2100 656 2187 productione
687 2100 773 2185 apud
797 2099 950 2162 Nonnum
974 2101 1110 2184 eiusque
1135 2102 1265 2187 pedise-

130 2226 211 2290 quos
229 2226 301 2268 rara
317 2204 440 2267 Paulus
456 2204 506 2266 bis
523 2205 556 2266 in
571 2225 636 2266 uno
654 2203 834 2286 eodemque
848 2224 943 2267 versu
959 2204 1073 2269 utitur.
1118 2205 1267 2269 Vitatam

129 2330 202 2372 eam
232 2328 306 2371 esse
336 2307 530 2390 Hilbcrgius
564 2306 715 2386 (Princip
742 2306 772 2368 d.
796 2305 828 2368 S.
857 2327 889 2390 p.
914 2303 989 2386 173)
1019 2314 1267 2384 commemorat;

129 2412 187 2476 sed
209 2418 320 2475 tamen
343 2412 414 2495 ipse
439 2432 553 2474 versus
577 2410 750 2473 nonnullos
773 2408 904 2485 adiecit.
928 2409 961 2471 in
984 2410 1104 2493 quibus
1127 2410 1267 2474 Nonnus

129 2515 213 2578 hano
229 2513 476 2598 productionem
492 2512 650 2589 adhibuit.
674 2512 764 2575 relut
787 2514 838 2581 24,
855 2515 931 2574 218ῑ
955 2507 1021 2575 εἶσὶ
1037 2507 1136 2578 νόθοι
1151 2509 1267 2598 ταῦροί

130 2641 175 2682 τε.
221 2620 340 2697 2110.
366 2620 394 2695 7,
416 2619 475 2678 106
499 2616 540 2680 al.
586 2614 685 2700 Apud
702 2614 841 2678 Paulum
864 2615 946 2679 haec
969 2616 1069 2699 longa
1085 2618 1215 2701 syllaba
1236 2619 1267 2679 in

130 2722 196 2784 arsi
226 2721 357 2805 quidem
389 2721 502 2805 quinta
532 2720 624 2803 quasi
656 2718 864 2781 absconditur
891 2720 1041 2803 sequenti
1068 2716 1129 2802 μέν
1152 2722 1269 2784 vocula

131 2824 237 2908 (1134
260 2820 375 2908 γυμνοὶ
397 2819 486 2905 μέν);
515 2822 619 2885 altero
643 2821 790 2885 eiusdem
807 2842 919 2885 versus
941 2821 1014 2885 loco
1030 2821 1167 2887 verbum
1189 2845 1267 2886 ana-

130 2928 313 3013 paesticum
336 2921 473 3008 πίσυρες
497 2924 708 3009 spondaicum
735 2927 840 3004 τοῖχοι
858 2925 990 3008 excipit.
1037 2923 1269 2991 christodorus

133 3031 236 3094 semel
254 3027 340 3095 δοιοὶ
364 3026 401 3092 da'
417 3028 516 3090 verba
538 3028 571 3090 in
595 3028 659 3091 arsi
674 3026 736 3091 ΠΙ.
760 3026 906 3091 exhibet.
945 3025 994 3092 Of.
1010 3027 1151 3114 Baumg.
1167 3053 1200 3116 p.
1219 3033 1268 3095 39.

131 3134 176 3198 Ut
197 3135 279 3197 arsis
303 3132 362 3196 IV.
386 3132 521 3195 exclusa
544 3131 597 3207 sit,
620 3150 662 3192 ex
686 3150 724 3192 1ο
749 3130 907 3213 sequitur,
929 3130 1016 3213 quod
1033 3131 1157 3197 Paulus
1174 3156 1267 3198 nurn-

132 3258 229 3322 quam
253 3236 432 3323 spondcum
456 3235 488 3296 in
512 3234 609 3297 tertio
633 3233 717 3318 pede
740 3255 858 3318 passus
882 3240 943 3298 est.

217 3380 242 3421 c.
276 3356 402 3419 Ultima
432 3376 545 3417 eorum
577 3354 816 3417 trochaicorum
849 3353 1039 3432 verborum,
1074 3375 1158 3438 quas
1193 3375 1269 3417 una

133 3460 370 3523 consonanti
393 3458 558 3538 finiuntur,
583 3459 681 3542 longa
702 3457 739 3520 fit

380 3562 413 3624 in
438 3562 503 3624 arsi
569 3561 604 3623 11
647 3560 700 3623 III
743 3560 792 3625 IV
836 3559 867 3623 V
911 3558 961 3623 VI

562 3661 873 3748 11111-
918 3702 958 3710 -

220 3769 241 3832 ¹)
261 3767 321 3819 Duo
331 3767 384 3819 loci
396 3767 433 3832 (ll
442 3768 501 3821 599.
512 3784 536 3820 a.
546 3767 600 3834 30),
609 3766 658 3818 ubi
667 3766 733 3818 talis
744 3765 876 3832 disyllabi
890 3764 998 3833 syllaba
1009 3765 1102 3819 finalis
1112 3765 1143 3818 in
1156 3766 1210 3820 arsi
1224 3767 1271 3821 Ill.

133 3856 197 3917 stat,
209 3853 319 3906 etiamsi
337 3853 389 3906 hoc
403 3870 465 3906 raro
478 3852 621 3906 invenitur
634 3852 709 3921 apud
722 3852 878 3904 imitatores
890 3852 992 3916 Nonni,
1003 3854 1100 3906 tamen
1112 3853 1270 3921 postposita

133 3939 165 3992 δέ
175 3939 275 3993 rocula
293 3939 361 3993 satis
374 3943 548 3993 excusantur.
584 3940 647 4007 Ipse
660 3940 785 4001 Nonnus‚
804 3937 827 3991 si
845 3940 920 3991 recte
931 3939 1090 3991 numeravit
1108 3939 1270 4009 Hilbergius

134 4027 172 4094 (p.
187 4027 259 4092 121),
283 4029 326 4078 111
349 4027 464 4079 verbum
482 4028 590 4095 πρῶτον
608 4025 650 4078 ita
668 4025 834 4094 productum
853 4023 967 4077 exhibet
985 4026 1020 4091 (5,
1033 4025 1074 4077 69.
1093 4025 1209 4088 22187.
1229 4027 1270 4088 30,

133 4112 204 4178 296).
223 4140 255 4149 -
274 4111 314 4164 De
332 4128 412 4164 versu
432 4113 515 4176 1269,
534 4112 612 4164 cuius
630 4111 760 4165 lacunam
783 4111 907 4165 Graefius
925 4110 967 4165 ita
992 4110 1128 4178 explevit,
1154 4113 1187 4164 ut
1205 4111 1271 4164 talis

134 4195 280 4265 productio
298 4197 362 4261 fiat,
388 4193 483 4267 ἠερίην
500 4197 600 4250 θεῖσαν
618 4196 719 4265 [τύπον
730 4193 849 4268 Ἴριδος],
873 4197 913 4250 nil
933 4196 1024 4250 dicere
1042 4196 1117 4250 licet.

220 4368 245 4436 *)
262 4365 424 4439 Hilbergius
434 4369 576 4424 dehoram
586 4368 733 4423 verborum
743 4386 795 4422 usu
806 4368 963 4422 accuratius
973 4368 1105 4422 disseruit
1116 4369 1145 4422 in
1159 4370 1265 4433 libello,

116 4456 167 4510 cui
181 4453 355 4511 inscribitur
372 4458 437 4513 Das
461 4457 554 4514 Gcsctz
572 4457 619 4511 der
637 4454 720 4509 troclr.
741 4455 934 4520 Wortfcanra.
968 4455 1053 4506 Wtca
1067 4455 1147 4508 1018,
