2774 4724
651 323 859 384 ...74-

188 495 290 559 semel
318 494 469 558 Nonnum
501 499 633 557 secutus
666 516 695 560 a.
721 498 782 556 245
815 483 1082 576 &inonstantia
1137 491 1327 555 Admodum

187 605 297 663 autom
320 599 429 662 aliena
452 598 493 660 ab
516 618 578 661 usn
593 597 701 662 Nonni
726 603 777 660 est
798 597 960 682 correptio
983 597 1017 658 in
1035 596 1217 679 posteriore
1243 596 1328 660 thesi

187 699 281 784 pedis
297 699 337 764 V.
362 699 514 778 admissa,
540 720 570 765 a.
588 701 649 762 232
674 692 899 782 ἰσοπλεύρους.
935 696 1001 761 Sed
1017 696 1098 760 haec
1116 699 1272 782 exempla
1296 699 1328 762 in

188 803 326 867 ambone
356 807 538 866 occurrunt.
593 802 753 866 Ambonis
785 808 895 865 autem
925 822 953 866 v.
975 802 1034 863 184
1064 800 1211 881 initium,
1245 802 1329 866 siout

188 906 221 969 in
237 905 348 969 codice
363 905 502 988 legitur:
526 896 602 969 οὐδὲ
623 901 682 986 μὲν
697 896 773 969 οὐδὲ
788 898 966 988 βάθροισιν
988 904 1107 967 falsum
1133 925 1209 968 esse
1231 913 1328 990 pnto;

189 1028 316 1093 semper
345 1008 430 1070 enim
462 1007 495 1070 in
525 1007 626 1070 verbo
654 1001 783 1091 βάθρον
811 1006 934 1070 Paulus
967 1007 1130 1092 positione
1163 1008 1269 1073 utitur
1296 1010 1328 1072 in

188 1114 285 1179 thesi.
331 1112 380 1177 Of.
394 1134 422 1176 a.
436 1117 488 1176 24.
502 1117 552 1177 97.
577 1114 755 1177 Praeterea
769 1118 898 1196 spectes
916 1135 1038 1198 quaeso
1056 1115 1150 1178 initia
1174 1137 1203 1178 v.
1216 1113 1254 1176 ΙΙ
1267 1115 1327 1176 270

188 1209 265 1282 οὐδὲ
286 1213 345 1300 μὲν
368 1207 405 1281 οὗ
422 1222 454 1279 et
470 1216 581 1280 11287
606 1208 682 1280 οὐδὲ
696 1214 755 1298 μὲν
771 1208 840 1281 οὐδ’
859 1208 975 1282 αὐτῶν.
1021 1218 1146 1282 Verum
1170 1210 1249 1283 οὐδὲ
1270 1213 1328 1300 μὲν

188 1313 265 1386 οὐδέ
277 1321 376 1385 verba
387 1319 448 1383 hoc
460 1319 643 1384 hexametri
659 1321 730 1384 loco
748 1341 813 1384 non
830 1320 959 1384 obviam
975 1322 1056 1385 fiunt
1072 1320 1159 1406 apud
1175 1320 1327 1385 Paulum.

273 1424 519 1509 Epigrammata
549 1430 616 1487 tres
644 1425 727 1487 tales
758 1425 981 1509 correptiones
1014 1425 1193 1509 praebent;
1226 1425 1329 1488 semel

189 1528 253 1610 (VI
265 1531 316 1606 75,
333 1527 363 1611 t)
377 1528 410 1589 in
426 1527 558 1591 nomine
575 1527 722 1612 proprio:
738 1519 945 1612 Ἄνδροκλος,
962 1520 1123 1593 duellos.
1160 1527 1191 1589 V
1207 1530 1281 1607 281,
1294 1530 1327 1589 2;

189 1625 431 1718 ἇμφιπλέκοντι
459 1625 566 1714 θύρας
598 1631 644 1714 (in
678 1629 761 1716 pede
785 1631 843 1695 IV.
866 1630 1095 1716 pentametri);
1126 1631 1204 1717 quin
1230 1632 1329 1696 etiam

190 1737 221 1800 in
247 1735 408 1821 disyllabo
431 1734 499 1799 VII
515 1737 588 1815 307,
608 1739 641 1798 l:
664 1730 698 1799 τί
722 1733 759 1800 δὲ
777 1735 895 1813 norim
917 1732 1041 1816 πατρὶς
1063 1731 1101 1800 δέ
1120 1758 1180 1818 μοι
1203 1734 1273 1801 κτλ.
1298 1736 1329 1798 in

188 1843 369 1925 posteriore
393 1838 480 1902 thesi
501 1838 593 1924 pedis
616 1838 679 1902 III.

278 1941 582 2026 contemplantibus
606 1948 715 2005 autem
747 1941 841 2005 nobis
869 1946 973 2005 totum
1003 1942 1089 2005 huno
1113 1941 1208 2005 Pauli
1234 1964 1329 2006 usum

191 2047 343 2131 religiose
376 2046 409 2109 in
441 2046 629 2109 universnm
659 2045 700 2109 ad
731 2045 839 2109 Nonni
870 2047 1097 2110 auctoritatem
1127 2044 1329 2131 adplicatum

190 2152 271 2215 haec
293 2151 349 2215 lex
373 2148 600 2214 constituenda
624 2154 689 2213 est:
718 2149 887 2235 productio
919 2171 960 2213 m.
986 2155 1019 2213 et
1041 2150 1062 2212 l.
1088 2149 1175 2215 lacta
1199 2173 1330 2237 semper

189 2256 296 2318 locum
319 2260 410 2318 tenet
434 2253 467 2316 in
489 2254 569 2338 ipsis
592 2253 761 2316 vocabulis
780 2254 921 2338 plurium
945 2275 1042 2338 quam
1066 2253 1204 2318 duarum
1230 2256 1329 2339 sylla-

191 2360 315 2422 barum.
361 2357 478 2441 Itaque
494 2357 589 2421 Pauli
606 2378 736 2441 quoqne
758 2378 818 2420 usu
835 2355 1079 2421 demonstratur
1095 2364 1185 2421 recte
1209 2379 1329 2444 repug-

191 2483 288 2525 nasse
312 2459 594 2543 Baumgartenum
618 2462 662 2544 (p.
680 2462 720 2522 46
737 2458 798 2544 sq.)
822 2458 988 2543 Hilbergii
1012 2461 1079 2544 legi
1102 2459 1208 2540 XIV,
1234 2481 1330 2544 quam

191 2566 236 2629 sic
261 2565 329 2627 fere
347 2562 492 2626 condidit
513 2563 562 2625 vir
579 2563 691 2626 doctus
714 2562 759 2647 (p.
780 2560 870 2645 174);
901 2561 1057 2626 Nonnum
1079 2563 1111 2626 in
1134 2562 1187 2626 his
1204 2568 1331 2628 tantum

190 2668 299 2733 verbis
322 2667 519 2753 positionem
543 2665 683 2730 debilem
707 2665 912 2745 adhibuisse,
947 2672 973 2733 1.
997 2688 1080 2751 quae
1109 2667 1233 2731 omissa
1256 2689 1330 2753 pro-

192 2772 346 2836 ductione
370 2770 586 2835 abhorrerent
609 2770 650 2833 ab
673 2770 879 2845 hexametro,
911 2773 940 2836 2.
965 2792 1049 2856 quae
1072 2771 1099 2834 si
1122 2792 1188 2837 non
1209 2772 1330 2857 produ-

193 2857 360 2955 cerentur,
394 2875 427 2937 in
456 2873 548 2937 nulla
577 2872 640 2937 alia
670 2893 785 2937 versus
814 2872 893 2937 sede
927 2874 1006 2958 poni
1035 2880 1174 2959 possent
1202 2876 1267 2939 nisi
1301 2876 1333 2939 in

192 2979 294 3057 initio,
319 2981 347 3042 3.
372 2975 490 3062 quibus
514 2997 627 3040 versus
650 2977 857 3061 inciperetur.

278 3081 413 3145 Eisdem
437 3086 548 3143 autem
565 3078 847 3143 observationibus
873 3079 973 3144 etiam
996 3077 1129 3143 Godofr.
1148 3080 1333 3144 Hermanni

192 3187 356 3250 sententia
379 3183 548 3261 refellitur,
572 3203 671 3266 quam
693 3183 764 3268 ipse
781 3182 938 3248 Lehrsius
960 3184 1165 3268 impugnavit
1188 3184 1332 3268 (quaest.

192 3290 274 3375 epic.
291 3311 322 3374 p.
339 3291 424 3371 262).
460 3288 522 3352 ille
548 3286 634 3350 enim
657 3286 866 3371 paucioribus
884 3287 1045 3373 exemplis
1062 3288 1161 3351 nixus
1177 3288 1334 3352 Nonnum

193 3398 440 3478 aegrotantum
465 3392 598 3456 atticam
615 3390 852 3475 correptionem
875 3391 909 3453 in
933 3391 1081 3456 clausula
1105 3391 1198 3456 verbi
1228 3390 1333 3456 admi·

193 3498 275 3561 sisse
300 3495 476 3576 contendit,
500 3517 573 3560 oum
596 3500 685 3559 recte
707 3494 844 3559 vidisset
876 3497 910 3559 in
933 3496 1013 3582 ipsis
1037 3495 1146 3560 verbis
1170 3517 1244 3561 eam
1269 3516 1334 3559 non

193 3600 394 3687 deprehendi
413 3600 473 3662 nisi
486 3600 518 3662 in
532 3599 703 3683 perpaucis
719 3598 902 3662 nominibus
914 3598 1064 3683 propriis.
1097 3597 1223 3662 Verum
1235 3620 1278 3663 ne
1293 3599 1333 3662 de

192 3705 296 3768 Panlo
321 3702 451 3788 quidem
477 3707 566 3765 recte
592 3702 855 3765 commemoravit
870 3701 1081 3765 Hermannus
1105 3700 1223 3787 (Orph.
1246 3701 1333 3768 Add.

193 3832 222 3894 p.
241 3805 390 3891 XXVII)
418 3806 546 3890 parcius
576 3827 648 3881 eum
674 3807 877 3890 correptione
900 3812 957 3870 att.
988 3806 1035 3869 uti
1064 3807 1231 3891 inpriore
1255 3805 1332 3870 dao-

193 3911 253 3994 tyli
278 3908 378 3983 thesi;
416 3906 589 3971 dicendum
620 3906 706 3970 enim
736 3914 806 3971 erat
833 3908 865 3971 in
894 3909 1076 3994 posteriore
1105 3908 1193 3973 thesi
1223 3931 1335 3974 rarum
1362 3937 1378 3961 ·

194 4015 295 4078 fuisse
319 4013 405 4076 huno
428 4033 532 4077 usum.

282 4116 355 4190 Qua
385 4117 418 4180 in
446 4115 660 4202 productione
689 4114 837 4178 brevium
863 4114 1062 4199 syllabarum
1086 4123 1163 4180 ante
1187 4138 1230 4183 m.
1256 4124 1291 4182 et
1313 4119 1335 4184 l.

194 4220 380 4286 adhibenda
404 4241 477 4285 eum
501 4220 669 4304 aliquanto
693 4218 879 4283 liberiorem
901 4219 1055 4303 magistro
1079 4220 1220 4287 Paulum
1244 4222 1334 4287 vide-

192 4327 307 4406 rimus,
332 4346 406 4390 eum
421 4325 529 4390 Nonni
554 4323 760 4388 severitatem
785 4323 884 4386 etiam
902 4343 1076 4407 superasse
1094 4345 1334 4409 cognoscemus

180 4430 376 4516 usurpanda
398 4431 433 4496 in
458 4453 499 4498 ea
523 4427 739 4518 productione
754 4425 953 4513 syllabarum
964 4427 1122 4505 hnalium,
1145 4449 1231 4512 quae
1254 4430 1334 4494 sin-
