2774 4724
573 329 787 391 ,ςι-

197 500 360 566 Nimirum
384 502 418 565 in
434 498 661 585 descriptionis
676 499 824 564 versibus
840 501 942 563 multo
958 498 1147 583 diligentius
1171 521 1248 563 con-

114 603 199 683 ditis,
224 606 250 669 si
266 610 531 690 proparoxytona
553 604 586 666 in
603 604 668 666 fine
687 604 917 682 invenerimus
941 623 1077 686 quorum
1100 602 1141 666 de
1165 603 1246 665 inte-

114 708 233 791 gnitate
257 708 357 772 ctiam
379 707 453 770 aliis
477 706 517 770 de
542 706 647 769 causis
664 705 757 769 dubit
744 712 814 769 tare
836 727 1000 790 cogemur,
1024 705 1152 769 odiosos
1176 706 1249 768 illos

114 811 203 874 locos
238 831 299 896 per
334 811 399 875 vim
427 831 470 874 ex
499 815 575 894 poet
577 830 616 873 ae
646 814 740 872 ttexu
771 810 937 894 expellere
959 829 1024 872 non
1054 809 1249 872 verebimur.

115 912 276 986 Quattuor
300 919 357 977 ant
358 919 447 977 emt
434 913 519 976 tales
544 911 709 976 clausulae
731 911 881 976 editionis
899 912 1125 977 Gracfianae'
1117 933 1150 975 ιιι
1174 933 1250 976 cen-

118 1038 190 1080 sum
213 1018 362 1082 veniunt:
335 1015 491 1081 snm
510 1018 579 1080 133.
598 1018 672 1078 277.
692 1018 764 1080 523.

204 1121 350 1194 Quarum
382 1141 425 1183 ex
455 1121 501 1182 alt
489 1125 559 1183 tera
582 1116 632 1204 (ll
652 1118 726 1204 133)
755 1117 788 1182 ἐν
811 1112 923 1184 ἄλσεσι
947 1114 1227 1202 δενδροκόμοισι
1218 1140 1252 1182 ιιι

116 1225 182 1288 fine
211 1219 383 1288 admodum
413 1224 568 1286 lacunosa
590 1243 632 1285 ne
656 1221 731 1306 quid
760 1221 1042 1301 concluderemus,
1066 1223 1130 1285 iam
1155 1243 1253 1311 supra

117 1328 228 1391 monui
250 1329 303 1411 (p.
314 1326 379 1411 78).

203 1430 313 1495 Tertio
343 1434 453 1494 autem
487 1429 559 1492 loco
592 1426 760 1491 fastidioso
795 1428 842 1508 (II
868 1431 928 1491 276
947 1427 1056 1513 sqq),
1075 1429 1130 1513 qui
1161 1428 1246 1517 apud

117 1533 283 1598 Graefium
307 1531 356 1596 sic
378 1530 512 1616 legitur:
808 1571 810 1575 ι

156 1678 160 1683 -
685 1629 797 1719 χάλοψ
818 1629 992 1721 κοιλήνοσο
1016 1631 1157 1713 δίσκους,

225 1725 268 1802 ὧν
289 1734 390 1821 μέσον
413 1729 585 1823 άχράνσοιο
607 1736 690 1801 θεοῦ
712 1732 846 1822 δείκηλα
866 1732 1047 1824 ’χάροξαν
1068 1772 1120 1802 -.

151 1900 153 1905 .
179 1835 183 1845 ’
226 1841 275 1928 πῇ
296 1838 356 1924 μὲν
378 1833 590 1925 ἒοπτεριίγιον·
603 1833 742 1925 στρατὸν
765 1833 871 1918 ἔξεσεν
894 1832 1072 1925 ἀγγελιάων
1093 1840 1161 1905 κτλ.

120 1943 331 2029 Ιιιιᾶιιιὶοίιίιιε
355 1942 443 2028 (ann.
456 1942 533 2027 phil.
548 1942 635 2022 CIX,
656 1965 687 2028 p.
704 1943 780 2027 452)
803 1937 948 2029 χάραξαν
971 1950 1256 2030 proparoxytonon

119 2049 152 2111 in
175 2047 381 2132 participium
403 2039 549 2129 χαράξας
572 2046 690 2128 corrigi
721 2046 835 2123 voluit,
864 2066 959 2129 quam
994 2046 1256 2110 emendationem
1372 2083 1375 2089 ·

119 2152 183 2217 iam
213 2173 233 2216 a
260 2151 414 2215 Bekkcro
446 2149 482 2212 in
511 2149 655 2212 editione
692 2148 786 2210 Pauli
819 2149 1019 2233 propositam
1051 2150 1256 2214 verisimilem

120 2275 194 2319 esse
223 2258 321 2317 antea
354 2252 480 2337 negavi.
538 2251 653 2334 Neque
682 2251 768 2313 enim
798 2252 911 2335 putavi
938 2259 1069 2336 poetam
1099 2273 1257 2316 summam

119 2377 236 2434 rerum,
249 2357 353 2441 ipsius
376 2354 454 2420 Iesu
470 2353 592 2418 Christi
614 2354 798 2438 imaginem,
822 2355 993 2440 participio
1015 2361 1140 2419 tantum
1162 2377 1257 2420 usum

121 2459 214 2544 quasi
236 2459 452 2543 neglegenter
476 2457 721 2543 perstrinxisse,
746 2478 818 2521 cum
842 2479 898 2548 eas
922 2445 1053 2542 figuras,
1076 2480 1159 2545 quae
1175 2466 1257 2524 tanr-

122 2582 219 2647 quam
248 2562 385 2626 comites
416 2563 450 2625 in
479 2566 616 2644 utroque
647 2559 751 2624 latere
779 2549 908 2645 positae
939 2568 1031 2642 sunt,
1065 2563 1200 2647 angelos
1225 2568 1258 2626 et

125 2665 302 2752 prophetas
319 2671 352 2730 cl
364 2659 538 2750 apostolos,
551 2656 660 2733 verbis
676 2663 774 2727 finitis
790 2651 1009 2729 describeret.⁴
1037 2666 1132 2730 Nunc
1148 2672 1258 2731 autem

124 2792 239 2836 omnes
267 2764 486 2851 dubitationes
512 2775 620 2833 tacere
647 2768 784 2834 necesse
808 2756 874 2849 est,
899 2791 971 2832 nam
995 2771 1028 2833 in
1052 2771 1122 2856 ipso
1142 2771 1258 2859 ¹codice

127 2874 279 2939 Palatino
312 2873 517 2958 participium
551 2866 710 2989 χαράξεις.
729 2870 983 2935 Stadtmnellero
1010 2878 1095 2937 teste
1129 2875 1257 2958 legitur.

126 2977 228 3042 Recte
195 2973 357 3062 ligitur
382 2977 535 3041 viderunt
563 2976 613 3038 illi
641 2976 702 3038 viri
729 2976 921 3040 vocobulum
944 2971 1055 3067 χάλοψ
1078 2978 1203 3042 subiect
1191 2985 1260 3042 tum

128 3081 286 3146 dominari
298 3101 411 3165 usque
422 3079 463 3143 ad
476 3100 509 3144 ι.
521 3080 582 3142 280
596 3068 1066 3165 (χάλοψ-χαράξας-εξεσε)
1102 3080 1261 3191 dustrem

127 3184 162 3248 ΙΙ
180 3187 241 3248 205
264 3178 377 3268 χάλνψ
400 3176 562 3267 ἐχάραξεν

214 3286 280 3351 Sed
305 3285 362 3350 alit
349 3291 401 3350 ter
423 3306 476 3350 res
501 3307 536 3350 se
559 3284 692 3350 habet'
647 3291 717 3348 tm
740 3306 836 3349 versu
858 3284 967 3349 11521
988 3308 1103 3373 sqq.-

748 3388 853 3454 τοῦτο
875 3384 1073 3477 τιράννων

283 3451 444 3569 πολλάκις
466 3487 665 3579 αὕτοφόνοιο
680 3487 782 3616 gchg
802 3492 840 3557 dr
832 3487 958 3580 λημονι
979 3489 1083 3581 τόλμῃ
1229 3573 1234 3581 η

228 3659 232 3664 .
283 3588 420 3677 αοχὲνας
441 3591 603 3683 ἐπρήνιξε,
628 3592 708 3680 πρὶν
730 3591 832 3661 ἔντεσι
855 3600 966 3683 χεῖρας
987 3595 1136 3677 ἔλεξας.
1224 3650 1226 3655 .
1295 3597 1300 3601 ’

130 3695 224 3763 Hanc
256 3701 345 3770 enirn
373 3699 511 3764 formam
535 3698 693 3764 Graefiit
680 3704 752 3762 ttex
753 3720 791 3763 us
815 3701 1005 3785 praebet;
997 3723 1030 3765 m
1054 3700 1263 3784 adnottaione

131 3806 239 3867 autem
256 3801 404 3867 dicitille
422 3797 700 3886 ,,ὲλίξειςιιιΙι;ο“,
716 3823 822 3886 neque
838 3803 935 3866 aliter
949 3805 1071 3888 legitur
1091 3805 1125 3867 in
1142 3803 1266 3881 codice,

131 3925 226 3988 quern
256 3903 710 3987 Ludwicliiussecutusest
745 3903 834 3986 (aun.
859 3906 938 3991 phil.
963 3906 1048 3987 clx,
1066 3907 1152 3989 452).
1199 3904 1265 3968 Sed

132 4014 244 4073 contra
261 4013 438 4092 utramque
461 4008 599 4072 formam
622 4007 820 4071 monendum
849 4015 900 4072 est
928 3992 1104 4094 numquam
1126 4010 1266 4073 Paulum

132 4107 210 4198 πρίν
235 4112 381 4183 voculam
407 4111 616 4175 coniunxisse
640 4129 714 4175 cum
737 4111 837 4175 verbo
860 4113 973 4177 finito.v
1007 4098 1156 4193 Accedit,
1171 4110 1266 4196 ,quod

131 4214 236 4279 forma
258 4209 376 4292 ἑλίξεις
396 4213 526 4277 omnino
550 4234 614 4276 non
630 4213 843 4297 intellegitur.
890 4213 984 4278 Haec
1008 4215 1093 4278 enim
1117 4222 1168 4279 est
1191 4237 1266 4279 sen-

131 4319 251 4383 tentia:
281 4317 486 4402 imperatoris
515 4322 659 4401 potestas
682 4322 838 4402 tyrannos
863 4317 1050 4397 commovit,
1080 4324 1116 4382 ut
1144 4320 1272 4400 seipsi

130 4421 364 4500 interficerent,
388 4422 577 4506 priusquam
599 4441 691 4484 arma
707 4425 921 4510 caperentur.
960 4420 1159 4507 Perpessus
1179 4422 1305 4476 aunem

1135 4518 1157 4568 λι
