2774 4724
485 301 747 424 Δ--οι-

163 507 184 574 ²)
202 505 294 575 Magis
305 506 422 560 fortasse
435 504 552 559 offendit
564 503 646 558 Pauli
664 522 690 558 r.
703 503 804 557 11288:
824 496 864 562 οἷς
885 502 981 574 κάρτος
1004 501 1129 555 senodes
1145 503 1209 565 κτλ,

75 592 123 646 sed
146 608 181 644 ne
201 592 284 645 huius
304 591 417 660 quidem
441 609 506 644 usus
526 591 628 644 desunt
649 589 776 658 exempla
789 589 893 654 Nonni,
912 589 1039 657 quamvis
1057 606 1126 642 rara.
1169 586 1208 640 of.

75 679 100 744 2,
113 677 176 732 473:
194 673 252 729 οὐδ’
270 676 356 749 ὑγράν
374 676 492 730 σκοπιαί,
512 677 552 741 13,
565 678 611 731 73:
631 681 660 728 οἵ
673 677 696 729 τ’
716 663 793 744 εἶχον
809 674 939 745 πυμάτην
956 677 1007 728 etc.

164 766 183 825 ³)
202 764 260 817 Hac
278 763 308 816 in
326 763 438 817 arsiIV.
453 763 618 832 producitur
636 762 807 830 disyllabum
824 761 854 815 in
867 762 900 815 A.
911 761 940 815 P.
953 761 978 814 V
989 761 1047 825 279,
1060 761 1089 814 3:
1107 760 1211 832 πορσός

75 851 267 918 σονοπέσβετο.

163 955 193 1020 d.
217 954 507 1040 disyllaborum
533 952 780 1038 spondaicorum
802 953 916 1015 ultima
939 951 1070 1036 ponitur

282 1060 315 1122 in
339 1058 405 1122 arsi
469 1056 505 1118 II
569 1055 623 1118 III
691 1053 763 1142 [IV]
829 1055 860 1120 V
927 1053 1000 1142 [VI]

475 1164 493 1222 5
561 1159 640 1244 271)
698 1198 738 1206 —
819 1158 875 1243 4²)
941 1197 983 1206 -

80 1263 129 1331 Of.
152 1287 184 1350 p.
201 1269 237 1327 51
258 1285 305 1348 sq.

167 1383 187 1453 ¹)
205 1384 257 1438 Ad.
275 1402 302 1438 v.
317 1383 408 1436 11270
426 1383 459 1437 cf.
472 1400 537 1451 pag.
547 1383 589 1436 62.
624 1383 656 1436 In
675 1381 747 1436 amb.
766 1400 791 1436 v.
804 1382 838 1434 24
855 1382 925 1435 falso
942 1381 1047 1450 legitur
1065 1381 1095 1433 in
1113 1381 1208 1435 codice

77 1465 172 1539 ὄρθιος
188 1469 311 1541 βάθροις,
330 1468 431 1536 quibus
449 1485 500 1537 pro
519 1468 610 1522 verbis
629 1468 728 1522 melius
747 1466 828 1522 scribi
848 1463 978 1536 άρθάάιος
995 1465 1108 1539 βάθροις
1126 1484 1210 1535 quani

76 1551 171 1624 ὄρθιος
188 1554 218 1607 ἐν
235 1554 348 1627 βάθροις
365 1556 440 1608 recte
453 1554 680 1608 commemoravit
692 1553 823 1607 Graefius.
861 1554 933 1606 Nam
949 1553 1062 1606 tertiam
1076 1553 1134 1607 eius
1147 1571 1211 1606 con-

76 1641 213 1695 iecturam
231 1637 368 1714 ὀρθωθεὶς
385 1640 498 1713 βάθροις
515 1642 629 1710 propior
647 1639 793 1693 continuos
807 1639 944 1707 spondeos
957 1639 1068 1693 missam
1086 1639 1210 1694 facimus.

166 1728 187 1796 ²)
205 1727 288 1797 Apud
312 1726 521 1781 christodorum
548 1726 600 1780 hac
627 1726 657 1779 in
683 1726 738 1778 arsi
767 1725 878 1779 finalem
903 1725 1040 1793 syllabam
1067 1727 1211 1794 spondaici

75 1814 156 1869 verbi
174 1813 331 1867 invenimus
348 1813 379 1866 in
396 1813 487 1867 v.100
504 1813 654 1884 (στέρνων),
675 1829 757 1880 quem
776 1812 998 1880 Baumgartenus
1016 1813 1150 1882 neglexit.

164 1900 377 1954 Troohaicorum
393 1902 487 1953 autem
501 1899 697 1952 vocabulorum
709 1898 905 1967 productiones
917 1899 1034 1952 rariores
1047 1916 1113 1964 esse,
1127 1918 1209 1968 quam

77 2003 133 2051 eas,
146 1987 258 2054 quaein
270 1986 438 2056 pyrrhichiis
451 1988 607 2050 occurrunt,
618 1986 692 2039 haud
701 1985 865 2038 mirabimur
875 1986 1026 2055 perspectis
1036 1986 1145 2055 legibus
1155 1986 1212 2040 illis

77 2073 228 2126 admodum
241 2073 351 2138 severis,
369 2073 470 2141 quibus
483 2091 562 2126 usum
576 2072 789 2141 spondaicorum
808 2073 953 2126 verborum
972 2073 1212 2142 circumscriptum

77 2159 206 2213 vidimus.
238 2159 326 2224 Quem
338 2177 419 2212 usum
432 2158 505 2212 iusto
519 2158 670 2211 artioribus
684 2157 804 2212 vinculis
818 2157 1011 2212 Scheindlerus
1025 2157 1115 2224 (Stud.
1127 2159 1211 2214 Vind.

79 2246 156 2310 1881,
173 2264 200 2314 p.
213 2247 246 2299 68
256 2249 326 2315 sqq.)
350 2245 526 2299 constrinxit.
561 2245 651 2298 Huius
677 2244 750 2298 enim
775 2261 808 2298 ex
831 2245 970 2298 arbitratu
991 2245 1106 2298 verbum
1130 2263 1212 2315 spon·

78 2331 188 2385 daicum
207 2332 247 2386 sic
265 2331 423 2384 adhibitum
443 2330 523 2400 quasi
541 2330 681 2399 flagitium
700 2331 865 2399 putabatur,
884 2330 959 2399 quod
977 2331 1105 2385 omnibus
1123 2333 1212 2386 modis

77 2418 275 2472 occultandum
293 2420 437 2472 curassent
448 2419 549 2486 poetae
567 2417 618 2470 illi.
655 2417 816 2486 Careamus,
834 2434 869 2471 ne
888 2417 982 2471 omnia
1000 2417 1085 2471 firmis
1103 2419 1212 2488 legibus

77 2504 223 2558 coercendi
241 2505 335 2559 studio
353 2504 436 2557 nimis
454 2504 538 2573 longe
556 2503 737 2573 abripiamur.

166 2629 226 2693 ΙΙΙ.
262 2629 603 2714 Trisyllaborum,
629 2649 766 2713 quorum
781 2629 896 2692 ultima
911 2628 1110 2714 producitur,
1130 2631 1211 2696 haec

79 2733 152 2797 sola
174 2733 275 2796 forma
299 2738 350 2797 est
374 2755 393 2794 r
409 2789 428 2795 -
448 2732 454 2816 1
474 2735 510 2813 ξ,
533 2754 609 2795 nam
633 2731 802 2812 vocabula,
827 2753 910 2816 quae
933 2732 1087 2796 tribrachi
1110 2736 1212 2798 instar

78 2842 167 2912 sunt,
189 2837 221 2899 in
245 2837 437 2901 hexametro
461 2835 593 2920 quidem
609 2835 744 2919 produci
762 2856 900 2899 necesse
925 2842 993 2910 est;
1015 2837 1078 2900 hae
1102 2844 1210 2901 autem

76 2941 202 3004 formae
219 2997 237 3011 ,
253 2996 272 3002 -
293 2942 299 3020 Ι
317 2975 337 3010 ;
351 2945 407 3003 aut
421 2997 438 3002 -
456 2997 474 3010 ν
497 2938 501 3022 l
521 2974 541 3009 ;
559 2939 689 3001 omnino
703 2938 1025 3004 abhorrentametro
1040 2941 1211 3026 dactylico.

166 3060 361 3124 Huiusmodi
384 3061 482 3144 igitur
504 3060 676 3145 trisyllaba
699 3085 754 3123 L-
775 3060 779 3144 l
800 3067 835 3141 ε’,

168 3203 196 3247 a.
220 3184 247 3245 si
262 3183 353 3246 brevi
369 3182 474 3246 vocali
490 3182 715 3262 terminantur,
733 3187 766 3245 et
781 3182 915 3246 Nonnus
934 3189 966 3246 et
983 3183 1211 3248 Christodorus

77 3291 113 3349 et
135 3285 255 3349 Paulus
277 3307 453 3370 numquam
476 3285 575 3370 longa
597 3284 682 3348 finiri
706 3285 826 3350 sinunt.

165 3406 196 3469 b.
220 3405 254 3470 si
279 3411 401 3470 exeunt
422 3406 455 3467 in
479 3429 519 3468 αι
542 3412 599 3468 aut
621 3428 668 3484 os,
691 3405 915 3490 producuntur

285 3510 319 3572 in
342 3509 407 3572 arsi
473 3508 508 3570 u
552 3507 605 3570 iu
651 3504 725 3593 pv]
772 3508 803 3572 v
850 3507 922 3594 [vi]

460 3611 513 3693 ιι)
552 3609 608 3693 22)
668 3647 709 3656 -
764 3648 806 3657 -
859 3648 897 3659 -

169 3731 189 3797 ¹)
207 3729 297 3783 1179:
315 3730 443 3800 ὑμνῆσαι,
480 3728 563 3798 Apud
581 3729 713 3783 Nonnum
733 3729 845 3798 quidem
864 3748 997 3800 persaepe
1016 3731 1086 3785 talia
1104 3731 1212 3786 inveni·

77 3817 174 3879 untur,
192 3815 276 3869 semel
293 3815 369 3883 apud
386 3815 595 3869 Christodorum
613 3815 642 3867 in
660 3833 686 3868 v.
700 3816 733 3870 75
752 3818 926 3885 (γυμνῶσαι).

168 3903 191 3968 ¹)
208 3900 370 3970 Hilbergius
393 3901 506 3954 initium
531 3904 643 3955 tantum
665 3918 760 3955 versus
784 3902 828 3955 his
851 3902 1004 3971 trisyllabis
1029 3906 1125 3973 patere
1148 3922 1213 3958 con-

78 3987 173 4042 tendit
195 3988 232 4056 (p.
252 3987 300 4041 171
318 3987 398 4055 sqq.)
434 3986 488 4040 Sed
513 3986 569 4056 ipsi
590 3987 643 4041 loci
669 3992 735 4041 sunt
760 3988 915 4053 adserendi,
938 3990 986 4043 ubi
1005 3990 1122 4042 Nonnus
1139 3992 1213 4045 hanc

78 4072 292 4143 productionem
316 4072 345 4125 in
368 4073 422 4126 arsi
441 4073 490 4126 Ill.
512 4072 638 4126 admisit:
663 4074 688 4137 8,
700 4074 759 4127 349.
778 4076 889 4139 37,110.
908 4075 1018 4141 39,209.
1037 4078 1086 4144 W)
1110 4078 1152 4131 57.
1171 4079 1212 4132 65.

79 4159 155 4226 Quos
172 4161 224 4213 aut
240 4160 351 4213 mutata
368 4159 507 4229 positione
525 4159 672 4213 verborum
690 4162 741 4214 aut
759 4161 815 4214 alio
833 4161 915 4215 modo
938 4178 952 4215 e
975 4163 1055 4216 textu
1074 4164 1213 4233 expellere

164 4381 191 4449 ⁸)
209 4379 256 4435 Sic
278 4380 345 4434 libri
367 4382 568 4451 paraphraseos
590 4381 736 4454 evangelii
752 4382 877 4438 loannei
896 4400 918 4436 a
930 4385 1044 4438 houna
1064 4379 1252 4443 comparium

76 4465 230 4537 significat
244 4466 343 4522 solent.
