2774 4724
588 278 802 340 ..22-

129 449 181 529 sit,
205 468 270 513 non
293 449 423 513 nescius
446 469 535 530 sum,
558 455 668 513 tamen
690 450 847 514 hocloco
870 448 1095 514 adhibendum
1119 469 1194 513 esse
1214 470 1262 513 ar·

129 552 240 616 bitror.
292 551 407 638 Neque
442 552 528 617 enim
563 551 744 619 concedere
777 574 913 639 possum
947 552 1162 638 Procopium,
1197 575 1263 618 cum

129 655 267 742 primam
291 655 511 721 calamitatem
533 656 711 741 praecipue
734 677 775 720 eo
800 656 936 720 consilio
956 661 1135 737 narrasset,
1157 662 1194 721 ut
1216 676 1263 720 aa·

130 758 284 845 pientiam
324 758 531 845 imperatoris
573 758 757 824 celebraret
790 780 896 846 paene
933 758 1094 840 divinam,
1134 759 1264 825 alteram

130 863 259 927 somnino
282 862 554 948 praetermisisse,
578 862 773 948 praesertim
797 883 871 927 cum
888 862 1052 926 restitutio
1075 867 1144 927 tam
1162 864 1263 949 splen·

130 967 207 1032 (lida
230 987 302 1031 eam
325 971 529 1050 sequeretur,
553 986 649 1050 quam
673 966 879 1031 occasionem
903 966 1150 1032 munificentiae
1169 967 1264 1031 Iusti-

130 1072 268 1135 nianeue
301 1069 407 1133 denuo
437 1069 678 1154 praedicandae
709 1075 797 1135 certe
831 1090 897 1134 non
921 1070 1090 1135 omisisset
1123 1070 1266 1135 adulator

130 1173 331 1259 llyaantinus
343 1171 379 1257 ¹).
417 1171 533 1256 Itaque
551 1173 782 1237 concludamus
799 1178 929 1259 oportet
946 1172 1091 1237 nondum
1109 1172 1264 1238 accidisse

131 1298 249 1341 novam
265 1276 354 1341 illam
371 1276 603 1352 calamitatem,
628 1296 691 1361 quo
707 1281 854 1362 tempore
877 1275 959 1340 haec
981 1276 1079 1361 primi
1095 1277 1173 1341 libri
1195 1297 1264 1362 pars

132 1380 334 1465 cl’roeopio
357 1379 448 1443 finita
479 1385 539 1444 est.
585 1379 681 1445 Unde
711 1381 872 1465 sequitur,
894 1386 932 1445 ut
963 1386 1040 1444 ante
1064 1401 1187 1444 annum
1208 1380 1264 1444 558

132 1482 282 1569 (XXXII
316 1483 504 1567 Iustiniani)
541 1482 721 1568 Procopius
762 1483 848 1548 hano
884 1489 1012 1568 partem
1054 1481 1263 1569 scripserit2).

132 1586 220 1672 llrgo
251 1586 277 1651 si
307 1586 524 1651 demonstrari
557 1592 666 1671 potest
693 1585 889 1672 Procopium
921 1592 955 1651 et
981 1586 1125 1650 Paulum
1155 1588 1189 1650 in
1210 1587 1263 1650 de·

130 1689 359 1777 scriptionibus
376 1689 460 1753 inter
484 1710 520 1754 ee
538 1691 711 1755 concinere
728 1689 820 1770 adeo,
841 1697 877 1754 ut
899 1690 1033 1755 alterius
1048 1690 1264 1754 narrationem

131 1801 207 1859 ante
241 1795 352 1858 oculos
382 1793 590 1858 obversatam
624 1814 699 1858 esse
729 1795 824 1859 alteri
856 1794 991 1859 credere
1021 1815 1196 1877 cogamur,
1228 1793 1263 1856 dc

131 1898 200 1962 solo
229 1896 333 1962 Paulo
364 1897 527 1962 imitatore
557 1898 767 1983 cogitandum
799 1905 859 1963 est.
904 1897 948 1961 Et
974 1898 1190 1962 inveniuntur
1210 1897 1262 1961 ali·

134 2007 213 2087 quot
234 2000 297 2065 loci
320 2001 407 2087 apud
432 2022 517 2081 eum,
541 2002 596 2087 qui
619 2002 660 2066 ad
677 2002 829 2088 Procopii
845 2002 1099 2088 descriptionem
1122 2007 1261 2088 spectare

132 2103 313 2171 videantur.
366 2103 511 2178 (luorum
547 2126 743 2191 quamquam
777 2106 950 2170 nonnullos
986 2106 1052 2169 iam
1089 2103 1260 2191 composuit

133 2208 346 2274 Kortucmius
371 2208 447 2291 (1.1.
470 2231 501 2295 p.
517 2208 578 2293 X),
609 2215 730 2292 tamen,
754 2211 829 2295 quia
859 2209 1031 2275 materiam
1054 2229 1119 2273 non
1142 2208 1259 2294 penitus

135 2313 298 2393 exhausit,
321 2312 440 2376 iterum
465 2332 521 2376 eos
544 2312 701 2379 hocloco
725 2314 758 2377 in
780 2334 881 2377 unum
905 2313 1082 2378 conferam.

133 2445 206 2530 KJ)
279 2443 391 2512 l’rccop.
412 2461 440 2513 p.
454 2444 627 2513 174‚2sqq.:
865 2445 1125 2514 Paul.1134sqq.:

129 2542 309 2632 Ἀνθέμιος
331 2545 367 2614 δὲ
393 2543 593 2634 Τραλλιανὸς
615 2546 674 2614 ἐπὶ
771 2544 985 2638 ἐπευφήμησε
1007 2548 1045 2616 δὲ
1073 2547 1182 2638 τέχνην
1208 2548 1254 2633 (εο.

134 2647 239 2741 σοφίᾳ
259 2651 299 2740 τῇ
319 2650 499 2738 καλουμένῃ
515 2654 676 2740 μηχανικῇ
834 2648 851 2719 ὁ
875 2647 1042 2738 βασιλεύς)

134 2749 334 2841 λογιώτατος
356 2747 394 2821 cr'r
408 2754 475 2819 τῶν
489 2753 560 2820 κατ’
578 2748 677 2821 αὐτὸν
729 2755 787 2822 καὶ
826 2751 899 2823 νόον
927 2749 1123 2841 Ἀνθεμίοιο
1158 2768 1254 2821 κεκασ-

135 2852 235 2942 μόνον
256 2850 412 2924 ἁπάντων
435 2849 518 2923 ἀλλὰ
540 2857 596 2924 καὶ
614 2860 679 2924 τῶν
834 2857 930 2944 μένον
952 2854 1091 2947 ἔμφρονι
1114 2859 1218 2946 βουλῇ.

226 3082 247 3148 ¹)
266 3081 346 3136 Hane
363 3096 475 3136 causam
495 3080 731 3136 brevissimarum
749 3080 928 3135 Kortucmius
947 3082 1075 3152 protulit

225 3184 246 3252 ²)
266 3184 320 3238 Sed
339 3183 424 3239 etiam
448 3185 614 3255 posteriores
636 3185 728 3255 operis
746 3185 912 3255 Procopiani
931 3188 1025 3255 partes
1044 3189 1110 3241 ante
1129 3185 1208 3240 Pauli
1226 3175 1276 3230 ἅθ’

137 3270 318 3341 scriptionem
336 3271 476 3326 confectas
495 3287 554 3326 esse
577 3271 645 3326 satis
664 3271 843 3325 manifestum
866 3274 916 3326 est.
953 3273 985 3326 Iu
1004 3273 1098 3341 quinti
1118 3273 1192 3328 enim
1208 3261 1288 3325 librl

138 3373 201 3425 cap.
220 3356 269 3412 III
293 3357 446 3427 Procopius
459 3357 493 3412 de
505 3361 591 3427 ponte
603 3360 708 3425 narrat
727 3375 811 3427 quem
823 3358 995 3412 Iustrnranus
1015 3359 1178 3429 Sangario
1190 3339 1296 3412 fluv¹0

138 3441 373 3509 Asiaeiniecerit;
393 3443 764 3514 huncnondumperfeetum
777 3462 843 3511 esse,
862 3462 925 3499 cum
938 3445 1091 3515 Procopius
1104 3445 1226 3515 scripsit,
1257 3430 1302 3477 ²²³

138 3529 242 3584 hisce
234 3528 322 3599 ipsius
334 3529 426 3585 verbis
440 3530 532 3585 elucet
551 3531 603 3599 (III
621 3549 647 3601 p
661 3532 695 3586 98
708 3531 749 3586 ed.
763 3532 877 3600 Bonn):
896 3531 1020 3600 βασιλευς
1039 3528 1093 3584 dt'
1095 3538 1141 3585 lor
1142 3524 1295 3586 carrarum

137 3617 265 3723 γέφυραν
287 3611 360 3689 ου’τῳ
348 3616 568 3691 ἐγκεχείρηκεν
580 3616 823 3688 ἐνοικοδομεῖσθαι
840 3620 943 3671 τανῦν
944 3613 1149 3722 ἀρξάμενός
1166 3639 1203 3674 ιε
1219 3625 1249 3669 ί
1261 3607 1302 3646 ⁰

138 3701 237 3805 ’ἔργον
254 3699 308 3773 ἤδη
326 3668 428 3773 πολλὴν
446 3703 473 3763 ἐς
491 3723 558 3758 αοτο
552 3703 749 3775 διατριβήν”
736 3722 819 3774 εχει·
838 3703 908 3805 ὅπερ
925 3724 953 3758 ευ
944 3693 1078 3770 ³'oidrc,‘
1063 3725 1105 3758 οτι
1122 3690 1302 3760 ιῖνιοτεῖὶέό1

138 3810 169 3844 ον
164 3787 307 3892 'nollqi‘'
289 3806 405 3864 νστερον
416 3790 653 3863 τεκμηριούμενος,
673 3789 715 3844 ὅτι
727 3790 763 3859 δή
782 3787 857 3863 αὐτῷ
874 3790 908 3843 τοὶ
926 3788 968 3863 ap,
957 3810 995 3859 γα
1013 3775 1302 3895 avvenraapaaei:

139 3874 274 3937 ddrdr‘
257 3896 373 3933 απαντα.
409 3877 535 3933 Eundem
553 3880 648 3933 antem
658 3880 773 3947 pontem
784 3879 938 3948 perfectum
951 3879 1055 3932 Paulus
1072 3897 1098 3934 v.
1116 3880 1207 3936 11514
1218 3861 1302 3936 aa

138 3963 274 4019 illum&
344 4051 393 4086 τον
410 4051 476 4106 πριν
495 4048 664 4102 ονικητοιοιν
683 4028 870 4105 οἲγηνορέοντα
889 4033 1019 4105 ῥεέθροις,

348 4119 482 4188 Μύγδονα
500 4119 659 4193 Σαγγάριόν
674 4137 715 4178 τις
733 4119 800 4172 ἰδών
818 4119 942 4172 Βιθυνίδι
958 4119 1023 4188 γαίῃ

346 4207 419 4260 νῶτα
437 4205 627 4276 λιθοτμήτοισι
645 4206 833 4268 draccoleno
849 4207 986 4277 γεφύραις
1005 4207 1061 4261 κτλ

140 4292 176 4351 af.
194 4292 281 4349 eliam
297 4293 401 4365 Agath.
419 4309 463 4363 ep.
480 4293 520 4347 IX
533 4293 616 4360 641(
603 4295 652 4360 (εἰς
669 4294 797 4366 γέφυραν
814 4296 864 4347 τοῦ
881 4293 1057 4366 Σαγγαρίου).

35 4336 138 4484 κ
228 4398 250 4469 ¹)
267 4396 372 4455 Haclit
372 4399 434 4453 tera
449 4395 733 4468 aoslocosinsigniri,
748 4397 885 4469 questam
894 4397 964 4453 Kcrt
952 4396 1073 4452 tuemins
1085 4381 1300 4473 investigavi&
