2774 4724
520 324 731 385 ..61-

62 493 98 546 de
121 510 170 547 usu
197 491 410 562 spondaicorum
434 491 580 546 verborum
604 509 688 561 supra
712 492 826 547 condita
847 493 951 562 (pao).
990 493 1044 547 Sed
1066 495 1196 549 hocloco

62 578 110 630 καί
127 597 157 632 σε
174 597 258 633 unum
276 578 334 633 fere
351 578 520 633 vocabulum
540 581 590 632 est.

149 705 175 750 o.
198 704 281 768 quae
304 704 382 747 una
405 684 650 748 consonanti
672 683 836 764 finiuntur,

265 787 300 851 in
323 786 408 873 pede
452 786 470 850 I
513 786 549 850 ΙΙ
590 786 643 850 ΙΙΙ
687 787 737 852 IV
780 787 812 850 V
856 787 905 852 VI

437 891 473 953 31
512 893 552 952 47
593 888 646 975 1¹)
701 893 720 953 5
773 927 815 939 —
860 891 915 973 2²)

153 992 173 1058 ¹)
191 1008 215 1045 a.
234 991 279 1045 72:
299 986 436 1062 ἆμφιθέει
455 1009 461 1022 ·
479 993 518 1061 πῇ
539 993 600 1062 μὲν
617 991 672 1064 γάρ
690 991 843 1064 ἐπέρχεται.
879 992 938 1046 Hoc
958 992 1019 1046 loco
1037 1009 1115 1046 rarus
1133 1010 1198 1046 usus
1287 1036 1290 1041 ,

64 1077 178 1132 fortasse
195 1078 340 1147 anaphora
358 1080 514 1143 excusatur,
533 1094 605 1146 quae
623 1078 750 1146 sequitur
768 1078 798 1132 in
817 1097 841 1132 v.
855 1078 888 1131 74
906 1079 947 1147 πῇ
964 1077 1003 1132 δέ.

152 1166 173 1232 ²)
190 1165 230 1218 De
248 1165 449 1234 monosyllabis
470 1165 501 1219 in
523 1165 618 1219 ultimi
637 1165 716 1234 pedis
744 1168 773 1220 et
795 1164 850 1219 arsi
869 1167 897 1218 et
915 1165 988 1218 thesi
1006 1165 1106 1234 positis
1124 1165 1198 1220 infra

66 1250 164 1306 dicam.

152 1364 181 1432 d.
202 1364 307 1430 Multo
325 1366 458 1451 saepius
475 1366 685 1430 inveniuntur
698 1366 933 1450 monosyllaba,
956 1386 1040 1449 qnae
1056 1373 1198 1430 natura
1229 1386 1231 1392 ·

65 1471 959 1620 longasuntmarorumwvvr

481 1656 957 1740 mmmmm-

154 1761 173 1828 1)
191 1776 216 1814 a.
229 1760 277 1813 29:
297 1760 364 1819 λᾶας
382 1758 434 1818 ἑείς
452 1774 458 1788 ·
478 1755 510 1812 oti
526 1758 571 1830 μή
578 1778 594 1811 ν
611 1760 744 1833 περιηγέῖ.
772 1759 811 1815 cf.
830 1760 856 1815 b.
875 1760 940 1814 adn.
959 1761 979 1815 Ι.
1015 1760 1120 1814 Iterum
1143 1777 1199 1815 rue-

64 1848 175 1899 moratu
197 1845 315 1915 dignum
341 1844 412 1899 mihi
430 1845 556 1911 videtur,
583 1846 668 1900 trium
687 1846 799 1901 illorum
817 1863 959 1913 versuum,
978 1863 1095 1916 quorum
1114 1848 1200 1901 tertia

65 1930 137 1985 arsis
154 1931 346 2000 monosyllabo
365 1932 492 2000 efficitur,
511 1932 580 1986 duos
598 1933 688 1987 inesse
706 1933 736 1986 in
754 1933 881 1987 ambonis
901 1933 1096 2003 descriptione.

151 2055 193 2120 ΙΙ.
227 2054 442 2140 Disyllaba
464 2061 591 2134 autem,
616 2076 699 2139 quae
723 2057 881 2141 producta
903 2056 992 2121 finali
1016 2057 1142 2142 syllaba
1166 2056 1200 2119 in

65 2158 259 2224 hexametro
282 2164 495 2244 usurpantur,
523 2163 640 2222 natura
663 2166 719 2223 ant
740 2159 930 2245 pyrrhichio
953 2165 1011 2224 aut
1033 2160 1200 2224 trochaica

66 2267 153 2327 sunt.
195 2261 423 2327 Producuntur
445 2284 466 2326 a
488 2262 593 2326 Paulo

113 2389 143 2446 1.
165 2383 416 2469 pyrrhichio,
455 2359 459 2375 ,

157 2508 183 2551 a.
205 2509 288 2574 quae
310 2487 429 2552 brevi
452 2486 584 2551 vocali
606 2487 831 2568 terminantur,

322 2590 355 2654 in
378 2590 444 2654 arsi
509 2588 545 2652 Π
594 2588 648 2652 ΙΙΙ
706 2587 756 2652 IV
814 2588 846 2652 V
904 2588 953 2653 VI

491 2691 565 2777 11²>
588 2691 660 2776 —o
695 2690 772 2776 aa
795 2693 868 2773 -a

56 2822 62 2841 ι
160 2796 178 2862 ¹)
195 2795 281 2850 Paulo
307 2793 423 2848 liberior
446 2793 492 2849 hic
511 2812 576 2848 usus
595 2793 676 2847 Pauli
695 2796 737 2847 est
755 2811 840 2862 quam
858 2794 953 2848 Nonni
972 2796 1001 2848 et
1019 2793 1200 2848 Obmstodori.
1279 2810 1281 2815 ⁴

69 2881 223 2935 Occurrunt
236 2882 310 2936 enim
323 2883 435 2951 praeter
446 2881 668 2950 praepositiones
686 2881 759 2934 solas
777 2881 812 2934 ab
825 2881 867 2934 his
882 2881 973 2950 poetis
986 2879 1120 2933 admissas
1132 2880 1201 2934 haee

69 2983 181 3036 quoque
196 2969 344 3023 voeabula:
363 2966 418 3034 ὅδε,
438 2965 492 3033 ὅτε,
510 2965 570 3034 ὅσα,
589 2967 647 3033 δύο,
666 2967 747 3035 βαθύ,
765 2966 844 3037 μίγα,
862 2967 940 3033 πολύ,
957 2969 1014 3019 ἴσα.

162 3056 182 3122 ²)
199 3055 237 3111 ef.
256 3056 330 3126 p.60
348 3073 373 3109 a.
392 3055 456 3110 adn.
474 3055 496 3109 I.

161 3143 181 3208 ⁸)
198 3142 230 3196 In
245 3142 281 3196 24
295 3160 338 3196 vv.
357 3143 436 3196 muta
454 3144 483 3195 et
500 3141 610 3210 liquida
628 3140 776 3210 positionis
795 3157 895 3195 causae
913 3141 985 3194 sunt.

161 3227 180 3296 ⁴)
197 3229 228 3282 Iu
245 3228 415 3298 pentametri
434 3228 489 3282 arsi
502 3216 535 3283 V.
554 3229 641 3282 talem
654 3227 792 3296 syllabam
803 3228 915 3281 finalem
928 3226 1092 3295 productam
1105 3224 1201 3278 inveni

75 3312 108 3364 in
126 3312 156 3367 A.
173 3313 199 3366 Ρ.
215 3315 241 3369 V
252 3315 312 3380 244,
324 3316 348 3370 6.
367 3316 430 3385 μέλι
448 3313 594 3385 στομάτων
612 3316 641 3368 et
659 3314 747 3378 25⁰‚6
766 3312 836 3366 aurci
853 3311 1006 3383 στομάτων.

160 3416 188 3484 b.
210 3440 292 3505 quae
317 3426 439 3485 exeunt
461 3419 495 3482 in
518 3444 559 3483 αι
582 3424 638 3482 aut
661 3441 708 3499 οι,

313 3524 347 3587 in
370 3524 435 3588 arsi
501 3521 537 3584 ΙΙ
580 3520 634 3584 ΙΙΙ
677 3519 726 3583 IV
772 3520 801 3583 V
846 3518 895 3582 VI
968 3563 991 3597 ,ρ

515 3629 528 3687 1
587 3663 629 3672 -
695 3628 714 3688 6
759 3660 801 3671 -
853 3659 894 3669 —

164 3749 188 3795 c.
209 3751 290 3816 quae
313 3751 390 3794 una
413 3729 653 3794 consonanti
675 3727 842 3808 finiuntur,

316 3835 350 3898 in
373 3834 439 3898 arsi
503 3831 539 3895 II
581 3831 636 3895 ΙΙΙ
679 3831 729 3895 IV
773 3830 805 3894 V
849 3827 897 3893 VI

503 3939 544 3999 40
589 3973 630 3982 —
685 3936 726 3998 99
772 3968 811 3979 —
858 3969 898 3978 —

165 4036 191 4101 d.
212 4039 443 4104 vocabulorum
465 4037 722 4103 iambioorum
745 4034 892 4121 syllabae
909 4032 1024 4096 finales
1040 4037 1205 4117 ponuntur

317 4143 351 4207 in
373 4143 439 4206 arsi
502 4140 538 4204 H
581 4139 634 4204 111
676 4138 726 4203 IV
770 4138 802 4202 V
846 4136 894 4201 VI

344 4275 347 4281 ·
504 4249 542 4310 73
588 4245 647 4327 61)
673 4247 733 4308 177
769 4279 808 4288 -
854 4277 896 4288 —

168 4348 188 4415 ¹)
203 4347 259 4403 Hac
270 4348 300 4403 in
312 4364 342 4403 re
354 4348 525 4402 observanda
537 4363 605 4417 prae
617 4345 717 4400 esteris
728 4342 892 4399 Nonnianis
900 4339 1016 4395 Paulus
1026 4337 1235 4391 seueruseraa,

84 4433 118 4487 ut
139 4448 221 4502 paene
241 4435 340 4490 ritasse
361 4453 423 4490 eum
446 4435 476 4490 in
497 4434 707 4506 semiquinaria
725 4434 907 4493 uocabulum
922 4424 1092 4481 iambicum
1108 4420 1259 4470 meamus-
