2774 4724
583 282 789 341 ..12-

118 451 269 536 exemplo
294 451 524 537 comprobatur
535 452 570 535 ¹).
595 492 635 499 -
664 455 742 515 236:
766 452 896 516 Tantali
926 453 1097 518 cruciatus
1122 454 1272 520 minores

117 560 202 633 sunt,
232 574 329 639 quarn
352 555 469 639 quibus
492 562 588 641 pocta
623 579 737 621 amans
772 561 949 640 torquetur.
980 594 1022 604 -
1060 560 1148 623 262:
1191 580 1271 623 auus

118 678 191 721 curu
209 658 301 743 Argo
317 658 452 723 custode
470 667 683 746 comparatur.
702 698 742 708 -
767 662 845 724 286:
863 666 960 745 poeta
977 666 1135 741 catenas,
1154 663 1270 747 quales

119 760 287 827 Vulcanus
311 762 407 827 Marti
436 764 625 843 fabricavit,
654 764 805 828 lubenter
833 786 869 828 sc
897 785 1077 850 passurum
1104 788 1189 831 esse
1214 766 1269 831 ad-

117 865 233 931 firmat.
261 902 298 913 -
326 868 403 931 288:
427 873 524 952 poeta
554 888 672 932 corona
702 891 719 932 a
750 868 860 953 puella
888 867 1009 933 donata
1032 871 1161 951 uritur,
1187 872 1270 935 sicut

118 968 195 1032 olim
219 968 392 1052 Glaucea.
417 1006 455 1015 -
480 972 559 1034 293:
589 971 619 1033 A
643 971 794 1036 Leandro
824 972 1012 1057 exemplum
1039 973 1115 1036 veri
1142 974 1267 1038 amoris

118 1072 201 1157 petit
223 1079 332 1159 poeta.

205 1177 299 1241 Aliae
332 1177 515 1241 sentcntiae
540 1177 701 1258 creticae,
725 1197 808 1261 quae
832 1178 865 1240 in
888 1176 984 1241 Pauli
1008 1177 1266 1263 epigrammatis

120 1279 248 1345 obviam
272 1280 366 1344 nobis
389 1280 480 1360 fiunt,
504 1285 595 1343 tanta
620 1286 695 1344 sunt
718 1280 804 1365 apud
827 1300 939 1344 onmes
956 1288 1074 1366 poetas
1093 1283 1265 1368 elegiacos

121 1382 320 1468 frequentia,
348 1390 383 1447 ut
411 1390 501 1448 certa
531 1384 682 1470 exempla
717 1403 899 1470 proponere
930 1383 1025 1449 valde
1057 1406 1264 1472 supervaca-

120 1509 219 1553 neum
242 1509 312 1553 csse
337 1490 482 1554 arbitrer.
529 1488 574 1552 Ut
594 1495 720 1552 ceteras
736 1488 919 1552 huiusmodi
935 1490 1119 1555 sententias
1143 1493 1264 1557 missas

119 1592 237 1656 faciam
266 1592 326 1657 has
359 1594 389 1656 in
421 1599 597 1678 conspectu
627 1613 755 1677 ponam.
802 1591 978 1656 Oculorum
1012 1593 1112 1679 culpa
1141 1596 1262 1681 flagrat

122 1704 218 1781 pocta
252 1718 372 1762 amore.
402 1696 433 1759 V
456 1699 518 1760 226
529 1697 567 1781 ³).
590 1734 632 1744 —
655 1695 791 1760 Frustra
818 1701 944 1760 amator
966 1696 1114 1782 puellam
1145 1699 1263 1785 fugere

121 1799 255 1866 studuit.
283 1800 315 1864 V
331 1804 404 1864 241.
429 1804 500 1865 254.
517 1804 590 1882 256,
608 1801 672 1884 5⁴).
690 1799 826 1863 —Eius
844 1800 997 1885 superbia
1012 1802 1120 1886 magis
1137 1805 1262 1890 magis-

124 1924 187 1987 que
211 1904 437 1973 inflammatur.
461 1905 576 1970 V256.
594 1941 634 1951 -
660 1903 873 1988 Quocumque
895 1903 1125 1988 proficiscatur
1139 1909 1261 1992 puella,

125 2028 160 2069 sc
177 2028 306 2092 scmpcr
327 2029 399 2072 eam
422 2014 668 2093 prosecuturum
687 2028 761 2071 csso
777 2012 876 2092 poeta
891 2008 987 2070 iurat.
1016 2006 1048 2070 V
1068 2010 1175 2094 301⁵)
1202 2019 1260 2077 etc.

209 2110 339 2190 Restat,
378 2117 414 2174 ut
447 2111 486 2176 dc
524 2112 635 2196 paucis
673 2111 916 2196 epigrammatis
957 2112 1129 2177 amatoriis
1167 2114 1261 2180 Pauli

121 2212 294 2295 disseram,
318 2235 402 2299 quac
425 2215 569 2278 nativam
592 2213 755 2298 quandam
780 2213 922 2299 speciem
946 2213 1070 2279 habere
1095 2216 1260 2283 videntur.

122 2316 326 2401 Quamquam
355 2317 416 2381 hac
447 2318 479 2381 in
509 2339 544 2381 rc
573 2317 703 2381 difficile
736 2322 787 2380 cst
815 2316 974 2396 iudicatu,
1009 2323 1042 2381 et
1070 2327 1260 2405 propterea,

122 2420 208 2506 quod
232 2421 331 2483 totius
355 2426 503 2484 veterum
530 2421 639 2505 poesis
662 2425 695 2482 et
718 2420 886 2504 elegiacae
911 2426 944 2483 ct
968 2420 1261 2505 epigrammaticac

122 2524 261 2588 l'rustula
290 2530 417 2588 tantum
446 2524 541 2587 nobis
572 2529 765 2588 conservata
790 2528 879 2604 sunt,
904 2528 936 2586 et
959 2523 1044 2606 quod
1068 2525 1171 2591 iudici
1196 2550 1261 2593 om·

122 2628 212 2691 nium
224 2628 337 2692 talium
350 2628 528 2691 carminum
545 2627 745 2712 amplissima
759 2627 897 2690 scientia
911 2626 952 2689 sit
964 2633 1102 2711 oportet.
1134 2630 1261 2696 Horum

122 2737 233 2796 autem
245 2733 515 2817 epigrammatum
529 2732 680 2816 exempla
690 2730 777 2815 apud
787 2736 913 2794 veteres
922 2730 1070 2795 invenire
1081 2738 1262 2821 nonpotui.

209 2836 334 2899 Vnae:
380 2835 429 2899 Dc
461 2836 557 2899 trium
579 2835 761 2920 puellarum
793 2834 910 2898 osculis
934 2840 1033 2919 poeta
1055 2835 1263 2905 iudicaturus

127 2944 186 3002 est.
232 2937 347 3023 Longe
371 2945 469 3023 atque
493 2959 611 3002 sonore
629 2936 769 3001 Galatea
784 2938 959 3017 osculatur,
983 2937 1130 3003 molliter
1145 2939 1263 3021 Demo,

125 3038 222 3104 Doris
244 3047 354 3105 autem
368 3040 506 3105 mordet.
553 3038 948 3103 Neanrosiudicessint.
993 3039 1114 3106 Tribus
1133 3043 1264 3111 demum

126 3144 309 3208 osculorum
326 3144 501 3228 generibus
518 3145 657 3228 gustatis
669 3144 695 3228 6)
720 3149 818 3228 poeta
835 3143 1031 3207 sententiam
1048 3164 1083 3207 sc
1098 3145 1264 3214 dicturum

213 3300 233 3366 1)
255 3298 344 3363 Quam
368 3298 537 3351 sententiam
563 3296 619 3349 iam
642 3295 785 3351 Iacobsius
813 3296 987 3366 comparavit
1014 3315 1077 3351 cum
1100 3299 1219 3356 Horatii
1243 3321 1264 3357 c.

123 3385 172 3447 Ill,
187 3386 228 3439 16.
263 3385 367 3439 Eadem
387 3385 483 3439 ecdem
509 3384 635 3454 exemplo
658 3384 819 3437 illustratur
842 3384 878 3437 ab
897 3383 1047 3453 Antipatro
1067 3386 1166 3444 Thess.
1185 3390 1264 3455 V3l,

122 3489 139 3525 a
159 3473 343 3527 Parmenione
362 3475 403 3528 33.
417 3474 459 3527 34.
478 3474 511 3528 cf.
530 3472 627 3540 Antip.
646 3471 740 3525 Thess.
760 3471 785 3524 V
797 3471 832 3524 30
850 3472 878 3524 et
896 3471 1002 3526 Maced.
1020 3472 1080 3527 240.

211 3562 232 3626 2)
252 3559 345 3628 Ipsam
368 3559 441 3613 hanc
464 3558 701 3628 comparationem
725 3574 759 3611 ex
786 3557 938 3611 vetustiore
956 3558 1035 3612 fonte
1053 3559 1188 3616 haustam
1208 3581 1265 3619 esse

127 3643 292 3699 Philostrati
315 3645 395 3714 epist.
414 3646 448 3698 38
475 3645 516 3714 [21
533 3644 672 3713 Hercher.]
696 3643 915 3709 demonstratur,
934 3660 1018 3710 qnam
1037 3644 1147 3712 primus
1166 3649 1267 3703 attulit

122 3730 263 3786 Iacobsius
283 3731 368 3801 (apud
379 3732 498 3786 Brunek.
509 3732 575 3785 tom.
586 3729 634 3793 XI,
645 3748 672 3798 p.
681 3730 750 3793 139),
764 3728 841 3781 cuius
856 3728 1088 3784 adnotationibus
1099 3732 1136 3785 ad
1151 3735 1265 3790 Anthol.

123 3817 234 3887 seriptis
253 3835 338 3887 quam
355 3818 475 3871 multum
494 3817 637 3881 debeatur,
657 3832 765 3884 semper·
782 3817 864 3884 grato
883 3815 977 3868 animo
997 3817 1173 3874 eonfitemur.

211 3907 232 3973 ³)
252 3905 291 3959 Cf.
316 3905 489 3974 epigramma
518 3903 637 3957 latinum
663 3901 803 3970 Pompeiis
830 3902 975 3955 inventum
1000 3905 1028 3956 et
1051 3922 1068 3957 a
1092 3905 1265 3964 Buechelcro

124 3989 230 4044 editum
251 3993 331 4059 (Mus.
349 3992 401 4045 Rh.
421 3991 574 4055 XXXVIII,
594 4010 621 4060 p.
639 3990 702 4057 474)
722 3991 750 4042 ct
769 3989 850 4058 Prop.
870 3990 946 4053 ΠΗ,
961 3990 1002 4044 12.

212 4080 232 4145 ⁴)
253 4078 291 4132 cf.
311 4078 463 4133 Philoclem.
484 4096 525 4148 ep.
544 4078 586 4132 24.
605 4076 705 4131 Maecii
724 4077 782 4130 133.
818 4076 879 4130 Tib.
899 4077 964 4145 116,
980 4077 1011 4130 13
1030 4096 1070 4146 sq.

213 4166 233 4231 ⁵)
253 4165 294 4220 Of.
313 4166 395 4235 Prop.
414 4166 546 4229 111229.
564 4166 606 4220 28.

211 4254 232 4319 6)
252 4251 394 4306 Persuasit
423 4252 493 4305 mihi
523 4250 712 4315 Ludwichiue‚
742 4251 791 4319 qui
813 4251 843 4304 in
861 4252 931 4304 Mus.
955 4250 1045 4304 Rhea.
1070 4252 1143 4319 XLI,
1163 4274 1192 4325 p.
1214 4256 1266 4311 595

124 4337 233 4393 Reiskii
257 4338 445 4394 coniecturam
469 4339 640 4412 τριχθαδίων
662 4355 712 4407 pro
738 4339 896 4410 τρηχαλέων
920 4337 1038 4407 accepit.
1087 4341 1149 4395 Nec
1174 4343 1265 4398 minus

122 4423 265 4481 adsentiar
284 4425 460 4480 coniecturae
478 4425 617 4497 ε’φλέχθης
635 4442 685 4494 pro
704 4424 765 4479 cod.
783 4423 923 4493 ἐπλάχθης
941 4426 977 4490 (r.
991 4426 1027 4490 5).
