2774 4724
525 336 736 397 ...87-

57 505 149 589 gulis
188 502 338 569 versibus
372 504 523 568 carminis
557 503 597 569 de
633 504 723 569 Hero
760 510 793 568 et
832 504 983 568 Leandro
1025 503 1198 588 conscripti

56 607 184 671 multos
218 606 342 670 addidit
362 606 470 670 Nonni
497 607 600 686 locos,
629 607 833 700 quibusxaut
855 608 956 672 verba
988 608 1115 692 singula
1145 612 1201 670 aut

56 700 204 774 maiores
235 730 348 773 versus
374 715 486 795 partes
514 710 565 773 vel
592 710 625 773 in
655 709 770 774 eadem
798 711 849 774 vel
872 711 905 774 in
929 709 993 774 alia
1017 709 1200 773 hexametri

57 811 143 876 sede
172 819 350 897 usurpatae
381 811 534 876 redirent.
581 811 653 875 Hoc
676 818 785 876 autem
813 813 885 876 loco
909 812 1004 877 Pauli
1026 811 1199 895 Nonnique

56 914 285 993 sodalitatem¹
302 915 382 979 satis
414 915 645 1000 explanavisse
672 915 752 978 mihi
782 914 917 981 videbor
939 916 1087 1001 exposito
1112 920 1200 978 certo

55 1040 124 1083 usu
147 1026 182 1084 et
204 1019 273 1084 siue
297 1018 396 1084 dubio
420 1020 570 1085 omnibus
593 1020 787 1107 conspicuo,
817 1021 1002 1106 quicunque
1025 1019 1199 1104 Dionysia-

56 1143 175 1187 corum
199 1144 323 1209 paucos
346 1123 517 1189 dumtaxat
540 1123 640 1188 libros
656 1125 902 1210 pervolverunt;
927 1124 998 1188 dieo
1023 1145 1118 1188 usum
1142 1121 1199 1186 ad-

55 1226 255 1289 ieetivorum
272 1224 400 1290 duobus
424 1225 531 1290 verbis
549 1213 810 1311 compositorum.
856 1225 907 1289 De
930 1246 993 1310 quo
1014 1227 1200 1310 complures

57 1328 265 1414 scripserunt
288 1329 348 1392 viri
371 1328 469 1410 docti,
493 1328 583 1393 velut
604 1328 814 1392 Ludwichius
828 1330 863 1413 ¹),
886 1328 1095 1413 Riglerus2),
1121 1329 1200 1392 Ass-

56 1431 228 1514 musius³)
252 1430 436 1515 Bintzius⁴)
460 1431 516 1512 al,
540 1452 677 1516 quorum
701 1432 798 1495 variis
822 1433 1067 1496 collectionibus
1091 1431 1200 1495 adiec-

55 1536 202 1600 tivorum
225 1535 448 1599 Nonnicorum
475 1540 607 1620 praeter
630 1535 718 1620 ipsas
741 1555 848 1615 meas,
879 1557 961 1621 quas
992 1541 1061 1600 toto
1084 1535 1199 1600 Nonno

55 1640 138 1724 plus
163 1660 259 1724 quam
277 1638 381 1703 semel
394 1639 542 1729 lectitato
560 1638 737 1723 composui,
760 1638 913 1703 lubenter
935 1661 1102 1703 mensum
1126 1661 1200 1704 esse

57 1743 233 1820 confiteor,
256 1748 432 1828 propterea
455 1741 541 1828 quod
564 1741 693 1806 lexicon
707 1741 916 1806 Nonnianum
933 1765 953 1807 a
968 1743 1102 1827 Riglero
1124 1764 1200 1828 pro-

56 1845 200 1910 missum
223 1867 331 1932 neque
355 1845 539 1909 conlectum
561 1845 651 1909 haud
672 1846 780 1908 minus
804 1867 903 1930 aegre
920 1845 1081 1926 desidero,
1105 1867 1201 1931 quam

57 1932 329 2034 Baumgartenus
354 1948 398 2034 (p.
417 1947 471 2033 57)
497 1954 530 2012 et
553 1948 637 2033 al.⁵).
689 1948 762 2021 Qua
791 1948 832 2013 de
861 1970 961 2012 causa
990 1950 1017 2012 si
1039 1949 1202 2013 interdum

59 2052 232 2136 neglectos
261 2050 408 2116 videritis
435 2051 543 2114 Nonni
573 2051 676 2130 locos,
707 2051 885 2135 ignoscatis
921 2073 1058 2136 quaeso;
1095 2073 1201 2136 neque

60 2155 168 2234 enim,
207 2159 244 2218 ut
276 2175 390 2218 omnes
422 2152 571 2216 XLVIII
604 2153 878 2238 Dionysiacorum
914 2155 1012 2218 libros
1046 2156 1202 2219 memoria

59 2267 213 2340 teneam,
242 2278 438 2343 quemquam
467 2257 705 2343 postulaturum
734 2279 807 2322 esse
832 2280 940 2343 spero.
985 2259 1201 2343 Paraphrasis

60 2361 198 2447 quidem
214 2361 377 2446 evangelii
392 2360 526 2424 Ioanuei
542 2360 644 2424 verba
666 2361 699 2424 in
716 2361 923 2426 Scheiudleri
946 2361 1052 2426 indice
1069 2363 1203 2427 editioni

60 2465 213 2551 (Lipsiae
239 2465 335 2548 1881)
360 2464 468 2527 adfixo
492 2463 709 2528 inveniuntur.

153 2568 224 2633 Iam
236 2568 335 2632 liceat
350 2567 528 2631 nonnnulla
544 2567 657 2630 talium
670 2567 904 2632 adiectivorum
918 2569 1105 2654 specimina,
1119 2591 1202 2653 quac

60 2675 96 2738 in
122 2672 216 2736 Pauli
241 2671 437 2736 carminibus
454 2671 645 2756 reperimus,
663 2671 818 2754 colligere
835 2670 970 2735 adiectis
987 2671 1096 2735 Nonni
1111 2674 1202 2752 locis,

61 2799 109 2842 ex
132 2774 250 2860 quibus
267 2772 381 2837 eadem
405 2778 437 2836 et
451 2772 632 2858 persimilis
655 2773 719 2837 iam
735 2773 1007 2859 Parropolitanum
1031 2775 1202 2839 adamasse

62 2878 275 2944 manifestum
300 2883 359 2942 est.
405 2876 515 2962 Atque
538 2877 678 2962 primum
698 2876 828 2961 quidem
852 2876 893 2941 ad
916 2879 1090 2962 priorem
1113 2899 1201 2942 eoru-

61 2983 238 3070 positionis
261 2988 387 3068 partem
412 2978 595 3065 respiciam.
1185 2975 1187 2978 ’

154 3076 394 3170 alivae-soor
416 3083 509 3149 Paul.
533 3082 657 3148 11289.
682 3086 754 3146 559.
784 3084 891 3148 Nonn.
915 3088 1010 3148 1150
1034 3089 1077 3149 ru
1095 3087 1152 3146 rar
1166 3085 1203 3170 ⁶).

63 3185 158 3274 -βίος
178 3187 220 3251 Ν.
247 3189 341 3252 073.

153 3285 359 3377 ἁλι-γείτων
381 3291 417 3356 P.
442 3290 476 3353 II
493 3293 566 3357 612.
589 3290 629 3355 N.
654 3289 740 3372 *28‚
759 3293 830 3355 247.
854 3290 939 3372 *lb
957 3295 1004 3354 ¹7.
1054 3297 1203 3375 -βρεκτος

62 3396 101 3460 Ρ.
128 3395 232 3459 1162.
258 3393 298 3458 N.
318 3393 335 3429 '¹‘
357 3396 469 3474 1‚263.
495 3393 667 3473 *28,249.
714 3393 831 3474 -ζωνος
852 3395 889 3460 P.
913 3419 942 3460 a.
968 3398 1040 3460 204.
1063 3394 1203 3474 N.*13,

66 3501 142 3565 147.
165 3497 182 3535 *
199 3501 250 3580 48,
265 3499 316 3560 37.
366 3496 557 3581 -πλαγκτος
578 3495 615 3561 Ρ.
632 3494 649 3557 Ι
665 3500 717 3562 50.
740 3498 779 3561 Ν.
797 3498 815 3536 *
830 3499 860 3579 3,
880 3501 953 3562 245.
1000 3490 1144 3582 -στεφής
1166 3496 1203 3562 Ρ.

155 3671 175 3736 ¹)
194 3668 280 3722 Beitr.
299 3686 325 3737 p.
345 3669 379 3721 99
389 3685 448 3735 sqq.

155 3758 176 3823 ²)
193 3755 374 3809 Meletemata
393 3753 551 3807 Nonniana.
570 3753 652 3808 I—V.
687 3754 783 3822 Progr.
802 3753 943 3807 Potsdam.
966 3754 1031 3807 1850
1041 3770 1101 3821 sqq.

155 3845 176 3910 ³)
195 3841 312 3896 Scholae
329 3839 504 3918 Nonnianae.
540 3840 636 3909 Progr.
655 3839 831 3894 Krotoschin.
851 3841 925 3894 1864.

156 3932 178 3997 ⁴)
196 3929 237 3982 De
255 3945 307 3981 usu
326 3928 355 3980 et
373 3926 580 3996 significatione
598 3925 801 3981 adiectivorum
820 3926 962 3996 epicorum
980 3925 1056 3996 apud
1073 3925 1205 3979 Nonnum

62 4013 311 4086 Panopolitanum.
348 4013 522 4068 Halis1865.

154 4103 176 4168 ⁶)
196 4101 255 4155 Hoc
270 4103 365 4154 autem
383 4117 452 4169 opus
471 4100 616 4169 aRiglero
629 4099 791 4154 incohatum
804 4099 883 4153 Arth.
897 4097 1076 4151 Ludwichius
1088 4097 1206 4152 fortasse

62 4187 229 4260 propediem
249 4187 285 4240 ad
303 4187 387 4240 finem
405 4186 547 4256 perducet,
567 4185 706 4253 siquidem
724 4187 902 4239 exsecuturus
921 4185 972 4248 est,
991 4199 1064 4250 quae
1078 4183 1207 4252 promisit

61 4277 93 4331 in
112 4273 209 4330 annal.
227 4273 296 4342 phil.
316 4272 413 4338 CXIII,
432 4291 459 4342 p.
473 4273 508 4326 29
521 4290 582 4340 sqq.

153 4365 175 4429 ⁶)
194 4361 288 4415 Unum
298 4360 394 4414 Nonni
404 4360 496 4414 locum
505 4362 555 4414 aut
565 4358 634 4412 duos
643 4358 751 4412 adferre
763 4356 831 4411 satis
844 4355 893 4420 sit3
909 4353 1041 4410 asterisco
1051 4357 1151 4409 autem
1160 4373 1212 4408 eos

59 4446 231 4524 significavi,
243 4447 293 4502 ubi
305 4448 422 4502 Nonnus
436 4446 524 4502 verba
541 4445 572 4502 in
585 4445 687 4504 eadem
698 4464 799 4504 versus
810 4444 881 4502 sede
892 4441 1052 4501 collocarit
1065 4437 1242 4492 seramus.
