2774 4724
552 311 765 373 ..65-

95 481 168 534 enim
193 497 226 534 ex
247 480 354 534 tabella
377 496 433 534 uno
452 480 502 535 illo
522 481 582 535 loco
601 483 717 549 excepto
735 497 888 548 numquam
906 465 1024 533 Paulum
1042 480 1114 534 hanc
1133 497 1228 534 mono·

94 567 195 636 syllabi
219 566 431 636 productionem
456 566 593 620 intulisse.
636 567 712 632 Quae
737 567 811 636 quod
836 568 866 620 in
884 566 956 620 thesi
976 567 1023 619 ΙΙΙ.
1045 570 1073 620 et
1091 568 1124 622 V.
1143 568 1228 633 deest,

94 655 123 707 in
146 653 190 707 his
212 654 364 708 hexametri
391 653 502 707 sedibus
521 654 640 707 Paulum
665 655 801 723 sprevisse
825 654 980 722 spondeum
998 671 1082 722 supra
1099 655 1227 708 vidimus.

178 759 209 822 b.
234 780 318 843 quae
342 764 465 843 exeunt
487 759 520 821 in
543 782 586 823 αι
609 764 665 822 aut
689 783 724 824 οι

246 859 962 949 mmrufflmmm

453 968 471 1029 3
520 969 558 1029 16
614 1004 656 1012 -
718 969 755 1030 13
814 1004 853 1012 -
915 1003 955 1011 -

96 1069 159 1132 His
181 1069 260 1133 locis
285 1090 416 1156 semper
437 1063 496 1133 καί
517 1072 634 1134 vocula
657 1071 689 1133 in
713 1070 797 1133 thesi
821 1075 895 1134 stat.

182 1210 209 1252 o.
232 1209 316 1272 quas
338 1210 415 1253 una
439 1190 678 1273 consonanti
700 1189 867 1269 finiuntur,

248 1294 282 1356 in
305 1293 390 1359 thesi
454 1291 471 1354 I
515 1292 550 1355 ΙΙ
596 1290 671 1380 [ΙΙΙ]
716 1293 766 1357 IV
814 1291 869 1380 [V]
916 1293 965 1357 VI

437 1394 648 1480 11)32)-
700 1394 782 1483 l¹l³l
817 1434 859 1445 -
918 1436 958 1445 -

184 1500 203 1567 ¹)
222 1499 249 1553 ΙΙ
261 1499 325 1553 383:
342 1501 381 1568 πῇ
397 1500 460 1569 μὲν
472 1499 627 1551 νουσαλέων
639 1499 703 1563 ml„
723 1515 795 1567 quae
813 1499 850 1552 ad
864 1501 948 1554 verba
966 1518 1016 1570 per
1032 1503 1230 1571 anastrophem
1338 1503 1342 1507 ’

95 1587 224 1653 spectant
241 1586 279 1654 πῇ
297 1584 330 1637 δέ
345 1585 374 1637 in
394 1585 522 1653 sequenti
535 1601 625 1638 versu.
661 1585 778 1639 Nonnus
796 1585 908 1655 saepius
926 1587 1049 1642 hocloco
1063 1590 1229 1658 particulam

93 1672 148 1740 μέν
169 1670 310 1739 produxit.
346 1670 386 1725 of.
410 1670 538 1739 exempla
560 1687 578 1723 a
594 1669 774 1725 Scheindlero
794 1672 903 1738 (Ztschr.
920 1674 940 1738 f.
958 1678 1018 1726 (latr.
1039 1673 1135 1743 (lyron.
1156 1676 1229 1738 1879,

95 1775 124 1826 p.
136 1757 198 1824 423)
217 1757 400 1811 commodata.
438 1757 471 1809 ln
491 1757 521 1809 A.
541 1756 619 1809 Plan.
638 1757 726 1818 2711
745 1757 817 1810 idem
837 1759 895 1827 legi
915 1760 976 1822 (σόν
992 1761 1045 1829 μὲν
1062 1759 1178 1820 κάλλος).

183 1846 205 1911 ²)
224 1843 251 1896 ΙΙ
265 1843 306 1897 28.
325 1843 384 1896 285.
405 1860 429 1896 a.
447 1844 486 1896 19.
522 1843 554 1895 ln
573 1843 626 1897 hac
644 1859 738 1896 versus
757 1844 822 1897 sede
839 1843 886 1910 τίς,
905 1845 978 1917 πρίν,
996 1845 1050 1917 γάρ
1068 1847 1184 1900 voculae
1201 1846 1231 1899 in

94 1930 169 1983 thesi
191 1931 276 1984 stant.
312 1929 429 1983 Nonnus
452 1929 495 1983 bis
517 1946 670 1999 pronomen
692 1927 722 1988 ὅς
739 1931 791 1984 hoc
809 1931 869 1985 loco
888 1931 1034 2000 produxit;
1058 1948 1120 1985 eum
1141 1933 1231 1986 minus

96 2033 221 2071 severum
241 2016 326 2070 fuisse
344 2017 374 2070 in
387 2016 552 2087 paraphrasi
566 2016 760 2070 Scheindlerus
778 2017 796 2070 l.
810 2018 828 2070 l.
842 2017 1051 2071 demonstravit.
1089 2018 1231 2073 Accedunt

95 2107 152 2161 duo
173 2107 407 2176 epigrammatum
426 2105 481 2160 loci
500 2105 565 2158 XVI
580 2106 664 2173 118,1
684 2104 767 2174 (μέν).
803 2105 855 2157 Vll
868 2105 955 2168 604‚5
975 2103 1058 2176 (γάρ).

186 2195 206 2261 ³)
226 2191 316 2247 Semel
336 2194 372 2260 (N
389 2193 415 2259 1)
435 2192 551 2244 Nonnus
570 2190 599 2241 in
618 2189 691 2242 thesi
710 2188 755 2243 lV.
775 2188 841 2258 πρίν
863 2206 929 2243 voce
947 2189 988 2242 ita
1006 2208 1071 2243 usus
1090 2193 1140 2244 est.
1176 2190 1231 2244 Ex·

95 2281 210 2332 cusator
221 2278 266 2332 hic
280 2278 357 2332 locus
372 2276 524 2346 anaphora.
558 2275 675 2342 Propter
687 2292 767 2327 usum
777 2276 834 2327 tarn
845 2292 938 2328 ramm
948 2275 1090 2329 adsentiar
1099 2276 1232 2329 Scheind·

96 2365 164 2429 lero,
182 2365 231 2432 qui
250 2365 277 2423 ἐς
295 2364 430 2426 voculam,
450 2362 479 2414 in
497 2363 551 2416 hoc
569 2360 649 2413 Pauli
669 2377 749 2413 versu
768 2360 792 2426 (I
805 2361 866 2427 239)
885 2361 997 2430 longam
1012 2365 1183 2431 usurpatam,
1202 2363 1232 2415 in

95 2454 136 2510 εἰς
152 2453 256 2514 mutat3
274 2450 393 2504 fortasse
417 2448 491 2502 enim
515 2447 542 2506 ἐς
559 2447 589 2500 in
607 2447 663 2500 arsi
681 2446 713 2500 V.
734 2447 854 2517 proximi
879 2465 973 2503 versus
995 2449 1088 2518 posita
1111 2449 1185 2516 (⁶240:
1205 2449 1232 2508 ἐς

94 2537 177 2590 δύσιν
194 2537 296 2607 ἕρπειν)
316 2536 461 2591 librarium
481 2535 517 2588 ad
535 2535 610 2588 hunc
628 2535 737 2605 lapsum
755 2535 881 2589 adduxit.

181 2643 211 2706 d.
234 2641 472 2726 monosyllaba,
497 2661 580 2725 quae
603 2646 752 2704 natura
780 2641 899 2725 longa
922 2647 1014 2720 sunt,
1046 2641 1230 2705 invenimus

251 2746 285 2810 in
308 2746 393 2809 thesi
460 2743 476 2807 Ι
519 2744 555 2807 ΙΙ
602 2741 677 2830 [ΙΙΙ]
725 2743 773 2809 IV
821 2742 874 2831 [V]
920 2744 969 2809 VI

458 2850 477 2911 9
525 2853 563 2912 10
620 2886 661 2895 —
736 2852 753 2911 7
823 2887 862 2896 -
921 2886 963 2896 -

184 2950 227 3018 ΙΙ.
265 2951 577 3036 Disyllaborum
600 2952 732 3015 ultimas
755 2951 957 3036 syllabas-
983 2952 1015 3015 in
1039 2951 1100 3014 hoc
1125 2951 1231 3035 capite

97 3075 172 3118 cum
195 3057 272 3120 solis
297 3056 404 3120 verbis
427 3055 602 3119 trochaicis
626 3055 721 3118 nohis
744 3076 797 3119 res
821 3057 883 3119 erit
907 3092 947 3102 -
971 3056 1003 3118 in
1028 3055 1113 3119 thesi
1137 3056 1232 3140 primi

97 3164 224 3222 tantum
256 3165 289 3223 et
322 3159 460 3223 extremi
484 3158 579 3244 pedis
602 3158 783 3244 producere
806 3157 892 3222 licet.
939 3157 987 3223 Of.
1011 3161 1119 3242 legem
1143 3160 1233 3222 illam

97 3259 206 3326 Nonni
238 3285 338 3348 supra
365 3263 410 3348 (p.
428 3260 484 3345 50)
515 3263 562 3326 sic
586 3261 809 3325 constitutam:
837 3284 1013 3347 numquam
1039 3264 1233 3327 vocabulum

99 3366 312 3450 spondaicnm
336 3366 435 3430 alium
458 3364 575 3450 pedem
599 3365 662 3428 nisi
688 3365 828 3450 primum
862 3371 918 3429 aut
947 3373 1076 3431 sextum
1110 3367 1233 3452 explet.

97 3469 151 3532 De
175 3470 360 3554 spondaiois
389 3474 497 3533 autem
527 3468 636 3532 verbis
660 3469 692 3532 in
722 3468 788 3532 line
811 3469 991 3533 hexametri
1015 3470 1128 3555 positis
1151 3470 1234 3533 infra

97 3570 276 3636 dicendum
306 3573 385 3647 erit;
418 3571 479 3634 hoc
510 3571 639 3655 quidem
671 3573 741 3634 loco
775 3572 816 3636 de
850 3572 895 3634 eis
926 3573 1002 3635 solis
1025 3573 1234 3652 disseramus,

97 3696 236 3760 quorum
270 3675 385 3740 ultima
414 3675 447 3737 in
478 3674 574 3759 primi
603 3674 738 3759 spondei
766 3675 850 3738 thesi
881 3681 956 3742 stat.
1000 3675 1089 3760 Ergo
1113 3676 1233 3761 produ-

98 3779 185 3843 citur
208 3780 325 3843 ultima
348 3777 592 3862 disyllaborum,

186 3904 216 3948 a.
240 3902 325 3966 quas
355 3881 446 3945 brevi
475 3881 582 3944 vocali
613 3881 843 3960 terminantur,
874 3881 942 3944 bis:
979 3880 1079 3944 1253
1106 3875 1235 3964 γλυπτὰ

95 3979 333 4069 χρυσεότευκτα
357 3990 390 4048 et
405 3983 440 4045 ΙΙ
461 3986 518 4047 183
535 3980 610 4070 μηνὶ
627 3978 848 4066 χρυσοχίτωνι.
892 3982 944 4047 De
966 3984 1016 4047 his
1034 3979 1144 4047 autem
1161 3995 1234 4047 rer-

98 4087 203 4167 sibus,
227 4089 303 4173 quia
326 4093 416 4152 muta
440 4093 473 4151 et
496 4086 618 4171 liquida
640 4087 774 4151 brevem
798 4087 946 4151 vocalem
964 4093 1128 4169 secuntur,
1152 4086 1236 4150 inlra

97 4198 227 4276 agetur.

187 4295 219 4359 h.
242 4317 325 4380 quae
350 4303 471 4361 exeunt
493 4297 526 4359 in
550 4321 590 4360 αι
613 4302 669 4360 ant
692 4320 745 4376 οι,
768 4297 833 4361 bis:
864 4296 959 4360 1229
983 4289 1080 4361 αὐτοί
1108 4319 1179 4358 mou
1207 4302 1247 4354 et

96 4403 164 4464 244
195 4395 331 4466 caturci.
382 4399 585 4473 Quibuscum
613 4400 697 4466 locis
729 4400 986 4488 comparanhus
1013 4402 1072 4461 est
1096 4387 1283 4455 thxsush.

1110 4492 1135 4541 *o
