2774 4724
542 286 756 348 „31-

78 453 204 518 Paulus
227 474 291 518 uon
315 454 419 519 solum
442 454 590 519 mihimet
611 455 674 541 ipsi
697 455 836 535 videtur,
861 453 919 519 sed
943 455 1042 520 etiarn
1067 455 1216 520 omnibus

78 558 158 622 viris
184 558 301 639 doctis,
325 559 509 643 quicunque
534 558 610 622 huic
632 565 749 643 poetae
773 579 905 645 operam
929 557 1098 639 dederuut,
1123 559 1217 623 sicuti

76 663 133 728 Du
150 663 286 750 Uangio,
302 665 463 744 Iacobsio‚
483 663 708 749 Bernhardyo,
729 664 923 728 Paulssenio
935 663 970 744 ἱ).
1015 662 1109 736 Quod
1132 664 1216 729 iudi·

76 769 165 833 cium
210 769 370 855 exemplis
409 767 524 833 fulcire
563 767 696 833 difficile
733 774 798 847 est,
837 775 941 832 totum
982 789 1112 832 carmen
1150 769 1217 853 legi

54 878 219 956 'oportet
273 871 339 937 Sed
366 872 525 957 imprimis
558 871 670 951 laudo,
701 871 785 956 quod
816 872 938 936 Paulus
961 893 1124 957 persaepe
1149 873 1214 935 sin-

75 976 163 1058 gulis
187 976 303 1061 templi
325 974 474 1062 partibus
505 997 577 1039 cum
601 975 713 1059 figuris
738 975 816 1039 artis
838 976 1059 1060 geometricae
1083 996 1214 1062 compa-

73 1079 156 1142 ratis
180 1078 442 1142 commodissime
463 1079 659 1164 impetravit,
684 1084 728 1161 ut,
753 1100 836 1163 quae
860 1079 968 1143 dicere
985 1080 1096 1160 vellet,
1119 1080 1215 1142 intel-

73 1183 276 1266 legeremus3
299 1182 389 1245 velut
412 1181 481 1245 eius
504 1183 606 1268 partis
628 1182 742 1264 forma,
766 1203 849 1266 quae
867 1183 1094 1247 sanctissimae
1111 1182 1216 1246 absidi

77 1286 231 1350 orientali
262 1285 448 1369 adiungitur
480 1291 513 1348 et
543 1285 635 1349 cuius
663 1285 775 1348 infima
801 1306 877 1370 pars
901 1285 1024 1350 directa
1048 1292 1113 1363 est,
1142 1308 1216 1350 cum

74 1389 226 1473 cylindro
256 1393 462 1475 comparatur
494 1388 525 1472 (I
537 1390 599 1452 236
617 1410 684 1473 sqq.
715 1386 853 1472 11153).
909 1387 957 1453 of.
989 1389 1086 1454 etiam
1113 1389 1215 1453 trian-

75 1493 175 1575 gulos
210 1493 284 1556 illos
318 1513 418 1578 supra
452 1497 721 1555 commemoratos
753 1489 883 1577 (1152).
934 1490 1084 1576 Iemque
1112 1486 1216 1569 πόλος

76 1595 128 1679 (ΙΙ
149 1597 216 1682 80),
245 1595 348 1674 κῶνος
370 1595 420 1681 (ΙΙ
443 1598 529 1679 309),
553 1589 652 1680 κύβος
675 1594 716 1679 (a.
739 1595 830 1680 232),
854 1601 1027 1680 praeterea
1050 1590 1214 1681 πλάστιγξ

77 1698 223 1787 (11427)
248 1701 402 1785 exempla
425 1699 643 1784 adponuntur.

165 1804 211 1867 At
233 1804 295 1868 hoc
319 1823 446 1888 quoque
470 1801 648 1866 notandum
676 1808 812 1865 estnon
835 1824 909 1866 raro
932 1810 1064 1888 poetam
1086 1808 1214 1867 tumore

82 1909 231 1972 orationis
260 1907 487 1993 impedivisse‚
517 1927 558 1970 ne
589 1907 698 1970 statim
722 1906 824 1971 verba
848 1907 916 1970 eius
940 1907 1213 1993 perspiceremus.

84 2007 215 2077 inflatae
232 2011 389 2076 orationis
405 2010 563 2075 nonnulla
578 2010 745 2094 proferam
761 2011 948 2095 specimina.
994 2011 1069 2075 Una
1082 2012 1213 2075 eadem-

90 2131 145 2194 que
176 2136 229 2180 res
263 2115 315 2178 bis
352 2115 544 2199 exprimitur
582 2113 754 2177 verborum
792 2113 944 2178 ubertate
983 2135 1116 2199 prorsus
1150 2135 1213 2177 non

93 2220 277 2283 necessaria.
325 2216 374 2284 of.
399 2217 473 2281 libri
496 2216 522 2280 Ι.
545 2216 643 2301 prior.
666 2216 769 2301 praei.
793 2237 824 2281 v.
841 2219 882 2279 64
899 2238 962 2301 sq.:

233 2315 328 2407 ὅρκον
350 2315 485 2406 βοηθόν,
510 2314 605 2405 ὅρκον
628 2312 875 2405 όρῥαγέστατον,

232 2415 268 2493 όν
291 2418 329 2491 οὗ
351 2424 534 2513 παρῆλθες,
560 2418 629 2491 οὐδ’
653 2419 733 2489 incia
755 2419 998 2511 παραδράμοις.

91 2521 197 2593 Statim
221 2529 347 2615 depulit
368 2529 546 2614 imperator
568 2529 714 2592 dolorem
745 2551 787 2592 ex
810 2528 901 2593 aedis
926 2529 1018 2593 ruina
1042 2535 1213 2614 acceptum

83 2627 281 2719 (181⁸qu

233 2728 341 2801 οὐκέτι
364 2729 423 2821 δὴν
444 2729 588 2819 ἐκάλυψε
610 2729 686 2799 νόου
709 2731 814 2815 σέλας,
839 2728 915 2800 οὐδὲ
936 2729 1086 2823 κατηφής

232 2833 379 2927 ἠρεμέειν
400 2835 549 2924 κέκληκεν
572 2828 702 2923 όιεργέος
724 2832 873 2922 όίμμασιν
896 2831 1011 2904 όκνου·

233 2935 315 3007 όιλλὰ
337 2937 554 3027 μινυνθαδίης
578 2932 780 3007 ἀπεσείσατο
801 2940 931 3029 κέντρον
953 2934 1052 3027 ἆνίης.

58 3033 232 3111 Secunda
254 3046 411 3111 encaenia
434 3046 498 3131 ipsi
520 3045 584 3110 diei
607 3047 709 3110 natali
733 3047 854 3111 domiui
872 3045 992 3110 Christi
1014 3045 1214 3110 antecedunt

53 3136 85 3215 (Ῑ
111 3149 189 3214 194
206 3149 305 3236 sqq.):

232 3249 374 3338 ἔπρεπεν
396 3243 593 3336 ἀμβροσίοιο
615 3251 700 3316 θεοῦ
722 3249 945 3337 προκέλευθον
967 3247 1081 3338 ἑορτῆς

231 3349 397 3442 ὑμετέροις
419 3354 530 3419 λαοῖσι
554 3349 658 3442 θόρην
679 3357 770 3440 νηοῖο
794 3349 969 3422 πετοίσσαι.

232 3455 374 3546 ἔπρεπεν
396 3453 500 3544 ἑξείης
521 3452 604 3541 μετὰ
626 3455 784 3523 θέσκελον
806 3446 895 3545 ἦμαρ
918 3456 1021 3523 έκεῖνο

233 3556 396 3643 ζωοτόκου
419 3563 581 3645 Χριστοῖο
604 3557 771 3645 γενέθλιον
792 3548 882 3645 ἦμαρ
905 3556 1048 3625 ἱκέσθαι.

53 3645 109 3712 De
141 3658 329 3730 luminibus
353 3686 416 3728 non
440 3685 525 3744 cera,
550 3664 607 3727 sed
631 3668 767 3748 argento
790 3662 900 3726 iactis:

79 3749 123 3818 Π
144 3764 211 3832 331
231 3792 295 3855 sq.:
328 3761 559 3854 πυρσοφόρους
582 3761 754 3854 στήσαντο,
776 3763 939 3851 λιπαυγέα
963 3762 1090 3831 όείκελα
1112 3765 1212 3852 κηροῦ

327 3865 451 3954 κόσμον
474 3862 719 3955 ἀπαγγέλλοντα
741 3866 798 3933 καὶ
821 3861 859 3933 οὐ
882 3863 991 3956 φάος·

154 3972 218 4040 334
234 3996 299 4062 sq.:
743 3964 937 4058 ἇπυρσεότῳ
960 3969 990 4036 δ’
1013 3964 1163 4059 όιμαρυγγ]

79 4081 282 4108 “N-

170 4145 189 4211 1)
206 4145 384 4201 Paulssenius
407 4143 622 4213 descriptionem
646 4143 728 4198 Pauli
755 4160 788 4196 cx
813 4143 873 4213 ipso
897 4142 991 4197 codice
1010 4143 1140 4197 Palatino
1165 4159 1211 4197 ex·

94 4219 291 4302 scopulusque
305 4249 370 4287 vero
384 4247 517 4298 umquam
529 4231 582 4284 hoc
595 4231 738 4300 exemplar
751 4229 848 4283 edidit.
868 4229 901 4285 cf.
919 4228 995 4284 illius
1008 4230 1209 4299 praefationem

100 4306 222 4373 citationi
245 4319 480 4390 epigrammatum
505 4317 684 4386 praemissam
709 4316 784 4386 apud
806 4315 964 4370 Iacobsium
988 4317 1074 4372 Anth.
1092 4317 1150 4371 Pal.
1169 4318 1210 4371 ΙΙΙ

103 4395 198 4470 odpcnd.
215 4424 242 4476 p.
254 4405 315 4461 VII.
334 4436 367 4445 -
385 4405 419 4461 cf.
439 4404 524 4458 etiarn
543 4404 751 4459 Volkmannum
768 4420 866 4458 comm.
884 4402 954 4473 epic.
973 4421 1000 4473 p.
1012 4404 1054 4458 34.
