2774 4724
613 1278 764 1391 Vita.

206 1499 313 1563 Natus
344 1490 415 1563 sum
438 1499 591 1564 Basileae
622 1499 763 1564 Ioannes
787 1498 971 1565 Guilelmus
1000 1500 1105 1565 Iulius
1128 1501 1255 1566 Merian
1338 1571 1341 1577 ,

121 1618 382 1703 Epiphaniorum
405 1618 458 1684 die
481 1619 558 1682 anni
581 1619 611 1701 lr.
630 1642 655 1685 s.
678 1619 826 1683 bellicosi
849 1619 960 1684 LXVI
983 1625 1076 1705 patre
1100 1619 1253 1701 Aemilio,

120 1745 222 1803 matre
236 1740 377 1805 Aemilia
401 1740 440 1805 de
464 1745 561 1824 geete
579 1739 718 1806 Genast.
763 1739 856 1806 Fidei
869 1739 1053 1826 adscriptus
1068 1760 1140 1804 sum
1155 1761 1254 1805 evan-

119 1860 255 1944 gelicae.
293 1861 385 1925 Duos
396 1867 504 1924 autem
516 1866 591 1946 post
603 1880 706 1924 annos
719 1866 813 1946 pater
825 1859 1000 1944 longinquo
1013 1858 1124 1923 morbo
1137 1846 1254 1924 munus

120 1981 283 2066 deponere
297 1988 430 2046 eoaetus
443 2003 515 2046 eum
529 1982 595 2044 suis
614 1986 839 2066 transgressus
854 1986 904 2045 est
916 1980 1096 2045 Vimariam
1112 1980 1253 2044 Thurin-

118 2123 246 2187 gorum‚
269 2104 301 2165 in
323 2103 459 2187 patriam
478 2103 603 2168 matris.
648 2101 715 2166 Ubi
727 2103 902 2167 elementis⁴
918 2103 1100 2175 litterarum
1111 2103 1254 2167 imbutus

117 2243 200 2307 puer
229 2244 345 2288 novem
378 2245 534 2288 annorum
563 2230 712 2310 receptus
747 2245 817 2288 sum
845 2226 878 2288 in
900 2224 1104 2311 gymnasium
1129 2223 1253 2289 Guilel-

118 2342 464 2425 mum-Emestinum‚
494 2345 546 2409 eui
581 2351 652 2410 tum
682 2352 833 2431 praeerat
867 2345 1076 2410 Hermannus
1104 2345 1254 2411 Rassom

117 2461 216 2527 Anno
230 2464 260 2529 h.
275 2487 299 2528 s.
320 2464 498 2530 LXXXIV
510 2466 708 2532 maturitatis
719 2467 903 2532 testimonio
915 2466 1082 2531 Ludovieo
1094 2444 1254 2550 Weniger

117 2590 246 2648 rectore
274 2585 451 2650 instructus
474 2585 658 2672 Tuhingam
692 2608 745 2651 me
772 2587 909 2667 contuli,
936 2587 991 2651 ubi
1019 2592 1173 2672 quattuor
1195 2606 1253 2670 per

117 2706 290 2770 semestris
320 2707 526 2792 frequentavi
556 2708 687 2773 seholas
715 2709 856 2774 virorum
888 2709 1055 2773 doetorum
1085 2705 1251 2787 Geldneri,

117 2824 246 2891 Alfredi
270 2826 310 2890 de
327 2826 520 2892 Gutsehmid
540 2848 645 2913 nuper
667 2828 760 2893 nobis
783 2828 886 2893 flebili
907 2834 1010 2892 morte
1026 2827 1142 2914 erepti,
1158 2825 1251 2911 Kug-

115 2946 188 3026 leri,
212 2947 560 3033 Pfluglrii-Hartungii,
583 2948 713 3028 Rohdii,
738 2948 910 3030 Schwabii,
928 2948 1094 3028 Sieversii‚
1112 2947 1251 3033 Spittae.

118 3068 290 3132 Seminarii
320 3090 340 3131 a
367 3067 494 3131 Rohdio
532 3067 692 3133 moderati
729 3067 849 3133 sodalis
887 3069 933 3133 fui
965 3066 1250 3148 extraordinarius,

116 3187 301 3252 ordinarius
326 3188 492 3252 seminarii
515 3188 661 3253 historici
686 3187 912 3254 Gutsehmidio
935 3188 1084 3276 praeside
1107 3208 1167 3274 per
1189 3187 1252 3251 tria
1299 3214 1303 3221 ·

119 3309 301 3373 semestria.
347 3308 475 3374 Deinde
493 3310 720 3394 transmigravi
736 3310 954 3392 Monaehium
978 3317 1014 3374 ut
1036 3286 1094 3396 pei
1117 3309 1167 3373 bis
1192 3329 1252 3372 sax

117 3452 251 3495 menses
291 3430 437 3494 audirem
474 3431 633 3496 lectiones
673 3431 861 3518 Bernaysii‚
899 3433 1051 3512 Brunnii,
1089 3430 1251 3511 Druffelii,

120 3549 499 3631 Schoellii,Woelfflini.
544 3550 676 3616 Rudolfi
693 3551 825 3617 Sehoell
848 3552 1049 3638 benignitate
1073 3552 1152 3616 mihi
1175 3573 1251 3616 eon-

117 3670 211 3755 tigit,
243 3676 279 3734 ut
311 3672 503 3736 interessem
533 3671 653 3737 sodalis
684 3693 743 3758 per
772 3695 831 3738 sen
854 3694 984 3738 menses
1016 3679 1048 3738 et
1078 3672 1251 3738 seminario

117 3798 150 3854 et
167 3792 328 3873 societati,
351 3793 467 3876 quibus
489 3793 545 3858 ille
568 3799 728 3879 praeerat.
773 3792 838 3858 Sed
858 3795 1040 3881 interrupta
1055 3801 1130 3859 sunt
1144 3794 1252 3859 studia

117 3930 193 3973 mea
210 3909 423 3976 Menaeensia
446 3917 552 3976 morte
575 3913 735 3977 carissimi
758 3915 919 3995 avunculi,
944 3914 1098 3981 Guilelmi
1114 3916 1250 3997 Genast,
1336 3942 1343 3965 r

118 4031 183 4115 qui,
206 4036 380 4115 postquam
404 4037 499 4115 pater
523 4031 601 4095 mihi
624 4035 762 4119 puerulo
786 4041 912 4120 septem
937 4057 1094 4101 annorum
1117 4043 1250 4122 ereptus

115 4156 183 4230 est,
220 4151 312 4236 quasi
348 4152 430 4216 alter
462 4157 557 4236 pater
592 4152 748 4237 singulari
781 4175 833 4220 me
863 4156 1033 4240 amplexus
1062 4162 1112 4221 est
1140 4178 1249 4222 amore

115 4278 214 4356 atque
244 4291 329 4335 eura.
377 4270 448 4345 Quo
478 4276 605 4335 mortuo
634 4293 675 4338 na
707 4275 974 4360 exstingueretur
995 4297 1116 4342 nomen
1139 4276 1248 4343 Gena-

116 4391 261 4472 stiorum,
285 4390 385 4456 adfixi
408 4391 489 4455 illud
512 4390 617 4477 patrio
642 4394 768 4460 nemini
783 4395 1017 4460 libentissime
1032 4395 1227 4456 dossennus
1248 4392 1290 4442 et
