2774 4724
548 254 761 315 -33..

90 423 342 509 vitiumoptime,
354 429 392 487 ut
403 424 498 503 solet,
511 423 685 509 descripsit
695 424 976 508 praeclarissimus
988 424 1044 488 ille
1061 423 1223 510 Scaliger;

92 527 190 591 rerba
213 527 314 612 digna
338 534 424 604 sunt,
447 548 532 611 quae
555 528 653 612 plene
676 527 859 591 exscribam
871 527 913 612 ¹):

175 631 405 712 „silentiarius
438 632 517 695 vitio
553 632 677 695 saeculi
712 633 777 710 sui,
812 653 895 715 quae
924 638 993 695 tum
1015 634 1119 697 virtus
1142 639 1223 711 erat,

87 754 164 797 usus
189 741 251 798 est.
298 733 462 819 Strepitus
485 732 669 814 verborum,
693 734 835 797 ambitus
859 735 1112 814 sententiarum,
1135 756 1223 798 com-

87 838 205 922 positio
230 837 448 923 dithyrambis
472 837 638 902 audacior.
686 836 854 901 Eiusmodi
885 842 935 901 est
963 831 1121 924 {brppaorg
1151 839 1223 902 ista.

88 940 183 1014 Quod
206 962 271 1005 uno
295 942 396 1006 verbo
412 961 579 1027 exponere
601 947 740 1026 poterat,
762 942 875 1004 maluit
898 942 983 1005 binis
1007 942 1100 1004 trinis
1121 944 1224 1005 versi-

90 1044 170 1108 culis
194 1044 389 1129 producere.
433 1044 489 1108 Me
513 1043 643 1128 quidem
667 1045 713 1106 ita
735 1065 801 1107 non
821 1044 1000 1124 offendunt,
1023 1045 1077 1129 qui
1100 1046 1225 1108 saeculi

87 1147 238 1211 morbum
267 1149 352 1212 novi.
400 1147 466 1211 Sed
497 1148 552 1230 qui
581 1147 661 1210 nibil
685 1154 816 1230 praeter
848 1147 922 1211 illos
944 1153 1074 1210 veteres
1096 1148 1225 1232 legerit,

88 1270 160 1314 oum
176 1249 219 1314 ad
236 1250 319 1315 baec
336 1271 372 1315 se
385 1251 569 1331 contulerit,
582 1256 650 1313 tres
664 1251 833 1313 continuos
848 1271 963 1314 versus
981 1270 1046 1313 nou
1063 1252 1226 1336 patienter

89 1353 185 1438 leget.
238 1354 335 1419 Iuvat
363 1362 473 1419 tamen
506 1375 582 1433 nos,
617 1353 703 1438 qnod
736 1355 851 1440 templi
887 1354 973 1417 illius
1002 1356 1226 1438 augustissimi

90 1456 186 1543 adyta
215 1459 326 1523 omnia
356 1460 452 1523 nobis
483 1459 658 1536 reseravit,
688 1465 722 1521 ut
749 1459 796 1521 illi
823 1460 946 1543 gratias
972 1480 1036 1522 non
1060 1467 1225 1544 tamquam

91 1568 204 1644 poetae
228 1563 288 1628 sed
310 1569 476 1648 tamquam
500 1563 655 1625 historico
679 1570 847 1646 agamus.“

173 1665 299 1730 Verum
326 1665 390 1730 hac
418 1667 491 1752 ipsa
515 1665 673 1749 Scaligeri
697 1666 890 1729 auctoritate
920 1666 1016 1728 nixus
1045 1669 1135 1728 recte
1159 1663 1225 1726 for-

95 1772 178 1832 tasse
196 1771 360 1855 quispiam
376 1769 479 1833 dicat:
496 1790 637 1854 quonam
652 1769 722 1831 iure
737 1768 878 1832 Paulum
893 1773 930 1830 nt
945 1772 1079 1852 poetam
1100 1766 1226 1847 laudas,

99 1891 165 1934 cum
191 1873 239 1936 nil
268 1872 395 1936 dederit
428 1872 489 1935 nisi
521 1873 620 1935 talem
643 1871 895 1958 descriptionem
918 1870 1048 1955 Hagiae
1073 1869 1226 1955 Sophiae,

98 1977 219 2056 qualem
241 1997 316 2056 nos,
345 1977 420 2061 quia
442 1982 587 2039 veterem
613 1974 773 2038 eeclesiae
796 1975 934 2038 formam
957 1975 1022 2038 iam
1045 1995 1109 2037 non
1132 1975 1226 2037 novi-

99 2096 170 2158 mus,
202 2080 272 2143 solo
296 2077 452 2143 historiae
476 2078 583 2141 studio
608 2079 760 2141 commoti
782 2099 847 2141 non
869 2078 962 2162 parvi
986 2077 1225 2140 aestimamus?

102 2177 181 2246 llaec
212 2189 324 2247 autern
354 2204 489 2268 prome
519 2183 642 2245 diluere
665 2180 808 2244 conabor
831 2187 865 2244 et
887 2181 998 2244 dmins
1021 2201 1095 2244 esse
1121 2180 1225 2244 Scali-

103 2285 161 2362 geri
186 2286 343 2350 iudicium
376 2283 616 2349 demonstrabo.
675 2282 761 2346 Nam
789 2282 850 2346 hoc
879 2282 1009 2366 quidem
1041 2281 1226 2346 concedetis

103 2401 165 2450 esse
188 2388 314 2468 iudicis,
338 2390 481 2473 quinon
505 2388 643 2451 ducatur
664 2386 889 2471 praeiudicata
911 2387 1070 2472 opinione,
1096 2386 1226 2449 omnino
1266 2404 1270 2409 ·

102 2503 157 2552 nou
190 2492 360 2576 perculsus
400 2499 527 2556 tumore
558 2492 729 2555 verborum
765 2492 873 2554 omnia
905 2491 1148 2576 pervestigare,
1185 2508 1227 2551 ex

97 2590 207 2667 quibus
230 2601 350 2682 poetae
374 2596 542 2679 ingenium
566 2597 626 2659 etsi
643 2594 807 2658 mediocre
824 2595 957 2674 eniteat,
981 2594 1075 2678 quasi
1097 2592 1227 2656 stellula

94 2685 177 2760 inter
203 2699 315 2763 nubes.
367 2698 463 2762 Talia
491 2704 600 2761 autem
629 2697 753 2760 lumina
779 2696 965 2782 repperisse
992 2695 1072 2757 mihi
1104 2692 1225 2757 videor.

90 2785 254 2866 Sardebar
276 2803 364 2866 enim
386 2801 509 2865 Paulus
533 2800 788 2886 descriptionem
811 2820 913 2879 suam,
937 2821 979 2862 ne
1001 2799 1111 2862 ieiuna
1133 2797 1227 2859 fieret

84 2896 235 2968 darida
254 2926 416 2989 —neque
440 2905 481 2968 ab
505 2905 571 2968 ullo
588 2903 773 2967 huiusmodi
795 2903 936 2965 carmine
953 2901 1067 2987 procul
1090 2905 1141 2965 est
1164 2899 1226 2963 hoc

82 3003 272 3074 redonum
294 3044 337 3054 —
370 3008 531 3071 coloribus
559 3007 753 3090 quibusdam
781 3007 945 3069 illustrare
976 3004 1062 3068 haud
1084 3003 1227 3087 indignis

78 3113 201 3178 Poeta,
251 3112 322 3176 Iam
345 3133 444 3198 supra
466 3112 594 3174 enotavi
618 3111 756 3174 Paulum
782 3111 900 3190 omnia,
923 3131 1006 3195 quae
1030 3107 1228 3172 antecedunt

81 3205 235 3279 aedificii
258 3215 483 3300 descriptioni,
514 3215 716 3299 exposuisse,
741 3220 905 3298 tamquam
934 3214 962 3276 si
989 3217 1142 3296 ageretur
1163 3231 1227 3274 res.

81 3299 147 3371 Sed
177 3318 283 3403 ipsam
299 3338 428 3403 quoque
446 3317 696 3403 descriptionem
714 3317 812 3380 variis
829 3315 1008 3379 rationibus
1025 3314 1228 3397 vegetiorem

77 3407 263 3500 reddebat,
285 3422 377 3485 velut
398 3421 461 3499 ita,
485 3426 521 3482 ut
544 3441 702 3505 personas
727 3421 760 3483 in
782 3420 890 3504 ipsum
913 3420 982 3482 eius
1005 3423 1154 3481 tenorem
1177 3417 1227 3479 in-

79 3508 238 3591 duceret.
282 3524 405 3588 Verum
422 3523 581 3609 exemplis
597 3524 714 3588 melius
733 3524 973 3606 intellegentur,
997 3542 1081 3606 quae
1097 3520 1227 3606 planius

82 3624 276 3701 exprimere
306 3627 438 3691 difficile
467 3632 527 3690 est.
578 3626 613 3690 ΙΙ
630 3629 670 3690 23
687 3648 755 3711 sqq.
786 3631 884 3711 poeta
915 3625 955 3688 de
984 3625 1084 3709 portis
1115 3624 1228 3709 templi

87 3720 351 3795 occidentalibus
375 3729 467 3794 dicit:

557 3806 627 3877 ἀλλ’
653 3807 671 3880 ὃ
695 3812 754 3897 μὲν
777 3805 884 3879 αὐτῶν
908 3813 968 3899 (sc.
992 3808 1133 3897 πυλεών)

247 3916 456 4005 ἐνστρέφεται
478 3912 642 4003 νάρθηκος
664 3915 722 3982 ἐπὶ
746 3920 887 3983 attracio
909 3912 1065 4002 μετώπου

248 4020 282 4101 ἐς
304 4017 421 4102 Νότον,
446 4010 483 4098 ὃς
505 4019 541 4085 δὲ
564 4020 693 4108 Βορῆος
714 4018 773 4085 ἐπὶ
797 4016 926 4107 πτερά·

107 4138 298 4154 ’.κ-

188 4192 206 4258 ¹)
224 4192 367 4263 Leguntur
384 4192 453 4245 haec
470 4191 556 4245 verba
574 4191 604 4244 in
622 4191 734 4261 Iosephi
747 4192 883 4262 Scaligeri
903 4192 1083 4263 epistolarum
1104 4193 1229 4248 editione

111 4272 270 4334 marona.
283 4279 351 4335 1628
369 4296 434 4348 pag.
443 4278 495 4332 487
508 4295 566 4345 sqq.
579 4300 585 4342 ;
604 4277 694 4346 primo
712 4279 866 4332 laudantur
883 4279 1063 4334 aKreutzero
1075 4281 1092 4335 l.
1105 4281 1124 4334 l.
1142 4282 1229 4350 praef.

10 4434 12 4441 Ι
113 4384 141 4439 p.
150 4359 189 4416 Vl.
204 4363 264 4420 adn.

10 4446 14 4455 '
1060 4453 1083 4504 ‘b
