2774 4724
610 315 822 383 ,63-

147 497 183 555 ut
206 497 296 554 muta
313 512 385 554 curn
401 489 524 576 liquida
539 492 622 555 sicut
634 492 720 555 intra
736 491 837 555 verba
860 491 933 576 ipsa
949 489 1203 554 antecedentem
1220 488 1288 573 syl-

147 595 257 659 labam
280 595 460 679 producant
483 615 620 658 necesse
645 596 717 660 sit.“
763 593 860 657 Hanc
884 594 1087 678 opinionem,
1113 592 1164 655 oui
1188 593 1289 655 etiam

148 697 312 761 Rzachius
325 703 358 761 et
369 698 580 762 Ludwichius
592 698 842 783 adstipulantur,
858 697 899 760 ad
915 696 1010 760 Pauli
1026 717 1157 781 quoque
1183 701 1288 758 artem

148 802 319 864 metricam
342 802 506 886 pertinere
530 808 688 886 expertus
712 823 793 865 sum.
875 832 877 834 ·

235 905 319 969 Nam
349 906 376 968 si
405 905 543 991 primum
567 905 698 990 quidem
721 902 908 968 huiusmodi
931 902 1179 988 productiones,
1203 925 1289 988 quae
1317 918 1320 924 ’

235 1061 274 1125 Α.
309 1062 347 1124 in
359 1060 550 1124 confiniis
566 1061 798 1126 vocabulorum
815 1067 900 1142 sunt,
915 1061 1186 1146 contemplamur,
1200 1061 1290 1125 Pau-

147 1165 215 1228 lum
236 1184 293 1228 eas
317 1163 506 1226 adhibuisse
531 1163 678 1228 videmus

235 1306 264 1350 a.
297 1284 330 1347 in
362 1285 445 1348 arsi
476 1285 670 1369 saepissime
701 1286 794 1370 pedis
817 1285 875 1351 IV.
901 1285 982 1372 (26),
1006 1286 1112 1349 rarius
1135 1283 1183 1350 ΙΙ.
1207 1284 1291 1366 (13),

151 1389 252 1452 semel
270 1388 310 1453 V.
336 1425 373 1435 -
406 1387 451 1451 Ut
474 1390 744 1473 epigrammatum
768 1413 863 1455 usum
887 1391 1014 1471 addam,
1037 1390 1123 1454 hanc
1147 1388 1292 1474 produc·

148 1494 271 1556 tionem
303 1492 413 1556 inveni
444 1493 477 1555 in
506 1493 572 1555 arsi
601 1493 647 1556 ΙΙ.
675 1493 761 1578 (13),
792 1494 850 1558 IV.
875 1494 887 1577 (
911 1497 939 1578 ),
971 1493 998 1557 Ι.
1023 1492 1088 1576 (4),
1111 1492 1153 1558 V.
1170 1490 1292 1576 (1).-

149 1595 237 1659 Tris
245 1595 379 1680 yllaba
401 1594 524 1659 formae
549 1631 568 1644 ν
585 1631 603 1645 ν
621 1609 640 1644 ῑ
664 1597 714 1660 bis
738 1597 771 1660 in
793 1597 1014 1682 descriptione
1039 1594 1088 1678 (ΙΙ
1107 1597 1182 1657 245.
1201 1593 1292 1676 272),

150 1699 280 1784 saepius
310 1699 343 1761 in
367 1699 406 1763 Α.
431 1698 468 1764 Ρ.
492 1699 735 1783 epigrammatis
767 1701 915 1764 ultimam
940 1701 986 1764 sic
1009 1698 1206 1785 producunt.
1252 1696 1292 1759 In

150 1800 263 1885 quinta
280 1801 464 1865 hexametri
486 1802 562 1882 arsi,
580 1822 776 1887 quamquam
793 1824 834 1866 ea
856 1803 918 1866 hac
935 1800 1153 1888 productione
1170 1821 1292 1864 vacare

151 1904 243 1984 solet,
268 1912 378 1968 tamen
395 1903 532 1967 eandem
549 1905 652 1968 semel
674 1905 707 1968 in
724 1905 943 1991 descriptione
961 1904 1009 1989 (ΙΙ
1025 1907 1102 1987 529)
1127 1911 1162 1967 et
1186 1903 1292 1967 semel

149 2007 182 2070 in
200 2007 445 2091 epigrammatis
465 2006 510 2091 (V
526 2009 599 2087 234,
617 2006 650 2087 3)
675 2007 800 2071 eisdem
823 2006 1100 2094 deprehendimus
1123 2008 1156 2071 in
1181 2005 1294 2069 verbis

149 2101 182 2192 (ὁ
205 2105 298 2195 πρίν)
330 2116 428 2194 atque
457 2110 489 2173 in
520 2109 646 2174 duobus
676 2109 880 2175 Ohristodori
914 2111 1061 2175 versibus
1086 2109 1152 2195 (24.
1177 2107 1236 2192 97)
1262 2114 1295 2172 et

149 2214 181 2275 in
205 2233 270 2275 uno
293 2213 396 2298 ipsius
412 2212 519 2275 Nonni
544 2211 610 2297 (34,
627 2215 667 2276 56
690 2208 729 2279 τὸ
746 2211 858 2301 πρίν);
881 2220 954 2278 arta
969 2215 1199 2278 coniunctione
1221 2233 1294 2305 rno-

151 2315 394 2400 nosyllaborum
425 2316 486 2379 hoc
516 2316 594 2378 satis
617 2317 769 2380 excusari
793 2316 1028 2381 Scheindlerus
1053 2314 1293 2400 comprobavit.

150 2417 317 2502 (Zeitschr.
340 2417 364 2499 f.
388 2421 414 2481 ὅ.
441 2417 480 2481 G.
506 2419 599 2499 1879,
623 2440 654 2503 p.
671 2418 759 2503 428).

238 2540 345 2604 Maior
378 2561 455 2624 pars
491 2545 673 2603 ceterarum
706 2539 956 2624 productionum
990 2539 1292 2626 praepositionibus

151 2649 221 2706 arte
235 2643 384 2729 sequenti
397 2643 600 2706 substantivo
613 2643 766 2727 adligatis
781 2643 920 2706 efficitur
933 2642 987 2727 (cf.
998 2642 1065 2705 156
1079 2639 1139 2706 ἐπὶ
1151 2637 1294 2729 χρόνον).

151 2745 293 2832 Reliqua
317 2751 427 2810 autem
442 2746 555 2824 verba,
580 2746 708 2810 etiamsi
732 2767 805 2809 cum
827 2747 979 2832 sequenti
999 2746 1160 2811 vocabulo
1184 2749 1295 2812 minus

151 2856 220 2913 arte
245 2850 430 2930 cohaerent,
454 2870 551 2934 quam
569 2848 799 2913 Scheindlerus
823 2851 992 2934 postulare
1016 2850 1155 2933 videtur,
1179 2858 1296 2915 tamen

150 2974 215 3016 uno
239 2958 377 3038 excepto
401 2951 629 3016 versu1273:

296 3049 428 3141 ὑψόθεν
450 3046 646 3120 ἀντέλλουσα
668 3050 740 3138 μία,
763 3058 929 3141 τρισσοῖσι
952 3053 989 3120 δὲ
1010 3049 1152 3134 κόλποις

156 3229 159 3236 ,
355 3155 469 3243 νέρθεν
491 3154 718 3241 ἓντεμβεβαυῖα
976 3160 977 3163 ’

151 3283 282 3348 semper
314 3282 413 3325 sensu
442 3261 597 3346 proximis
621 3261 751 3325 adnexa
781 3266 865 3327 sunt.
912 3259 1008 3333 Quod
1031 3282 1105 3326 oum
1130 3262 1232 3326 etiarn
1259 3264 1294 3327 in

150 3365 258 3429 Nonni
284 3363 446 3449 exemplis
470 3385 489 3426 a
514 3361 727 3426 Scheindlero
751 3365 948 3427 enumeratis
965 3364 1170 3445 observetur,
1196 3369 1294 3451 equi-

150 3468 224 3532 dem
255 3489 320 3531 non
347 3473 413 3531 tam
440 3465 636 3530 artissimam
660 3466 805 3551 ipsorum
830 3465 968 3531 duorum
991 3465 1166 3530 verborum
1191 3469 1294 3534 soda-

149 3573 292 3651 litatem,
322 3576 359 3634 ut
386 3571 432 3634 ita
459 3570 581 3649 dicam,
609 3589 707 3653 quarn
738 3573 844 3632 totum
868 3589 1031 3633 conexum
1054 3570 1296 3636 vocabulorum

151 3681 183 3739 et
206 3695 303 3738 sensu
333 3674 418 3737 inter
450 3694 486 3736 se
510 3671 757 3736 cohaerentium
782 3678 814 3735 et
836 3671 933 3733 tertia
957 3690 1096 3735 caesura
1120 3672 1163 3736 ab
1187 3674 1296 3739 altero

150 3776 354 3841 hemistichio
379 3775 600 3839 seiunctorum
624 3771 849 3837 condicionem
872 3773 1058 3836 existimem
1082 3764 1296 3840 adhibendae

150 3880 246 3943 huius
269 3877 499 3966 productionis.

237 4001 341 4066 Multo
369 4004 479 4063 autern
507 3997 610 4060 rarius
630 3994 774 4081 syllabas
797 3979 912 4060 finales
940 4017 982 4059 m.
1007 4003 1041 4060 et
1063 3999 1085 4062 l.
1113 3997 1296 4083 productas

150 4103 297 4168 videmus
787 4102 790 4110 ’

235 4208 266 4271 b.
282 4207 321 4270 in
344 4205 460 4268 thesi.
510 4203 595 4280 Nam
615 4207 652 4265 ut
678 4221 720 4264 ex
738 4204 807 4262 toto
828 4197 937 4263 Nonni
958 4201 1101 4266 carmine
1124 4224 1189 4267 non
1216 4207 1295 4291 plus

149 4329 247 4393 quam
271 4330 330 4372 sex
351 4309 415 4372 loci
433 4308 466 4382 (4
482 4307 515 4370 in
530 4305 616 4392 pede
632 4303 692 4389 ΙΙ.)
709 4302 857 4384 congesti
873 4307 949 4365 sunt
971 4301 1005 4387 (a
1020 4303 1216 4371 Lndwiohio
1234 4310 1257 4373 l.
1274 4311 1295 4373 l.

133 4432 168 4494 p.
197 4415 241 4476 12
265 4419 302 4477 et
322 4433 342 4476 a
367 4409 587 4476 Scheindlero
612 4429 666 4494 qu.
689 4404 796 4469 Noun.
817 4404 848 4483 Ι,
867 4426 900 4488 p.
918 4406 985 4486 20),
1007 4406 1054 4470 ita
1078 4408 1205 4474 Paulus
1230 4413 1296 4477 trio
