2774 4724
643 308 853 370 ..58-

183 477 289 539 culam
317 477 350 540 in
373 477 455 562 pcde
471 477 496 543 Ι.
522 479 691 561 rariusque
715 479 747 542 in
769 478 821 558 V,
845 484 878 543 et
900 479 997 543 tertia
1018 478 1123 541 forma
1139 478 1261 562 (hiatus
1285 479 1318 539 in

182 580 246 642 arsi
269 579 344 664 est).

270 682 336 747 Sed
365 684 465 748 etiam
503 685 669 770 superavit
696 684 819 749 Paulus
853 684 1043 768 magistrum
1071 684 1248 747 severitate
1285 684 1318 745 in

181 785 368 851 adhibenda
399 794 514 871 quarta
551 787 656 852 forma
686 788 803 853 hiatus.
858 787 998 851 Omnino
1037 787 1125 851 enim
1160 786 1319 850 abstinuit

181 889 273 952 hiatu
295 890 370 970 illo,
394 891 449 975 qui
473 891 613 955 efficitur
635 891 727 955 brevi
751 892 856 955 vocali
880 898 955 955 ante
978 890 1168 976 pronomina
1192 879 1227 955 οἶ
1248 886 1321 953 ert

182 998 342 1077 correpta.
386 993 521 1056 Nonnus
536 1000 645 1058 autem
662 995 828 1079 ceterique
844 994 1022 1057 imitatores
1040 1014 1105 1056 non
1122 993 1226 1056 semel
1243 1013 1317 1055 eum

182 1095 400 1160 admittebant
423 1095 478 1179 (cf.
499 1096 701 1163 Scheindlcr.
717 1096 897 1177 Zeitscbrft.
917 1095 941 1176 f.
962 1095 1158 1177 d.G.1878,
1180 1116 1212 1179 p.
1230 1095 1318 1179 900).

181 1198 278 1282 Unde
296 1200 452 1284 sequitur,
465 1207 502 1263 ut
516 1199 650 1280 Paulus,
661 1202 780 1286 quippe
794 1200 848 1285 qui
864 1201 962 1264 etiam
978 1200 1123 1265 severior
1141 1200 1183 1262 sit
1198 1199 1261 1262 bae
1285 1200 1318 1261 in

181 1323 216 1366 re
233 1302 419 1367 adhibenda
435 1325 532 1388 quam
549 1305 705 1389 magister
727 1305 782 1368 ille
805 1325 963 1385 morosus,
987 1304 1114 1366 omnino
1137 1323 1204 1365 non
1220 1309 1317 1388 potu·

182 1407 243 1470 erit
265 1407 314 1469 uti
338 1407 386 1471 eis
409 1406 564 1488 hiatibus,
589 1408 643 1493 qui
666 1429 707 1472 ne
732 1406 818 1493 apud
834 1407 1025 1471 Nonnianos
1042 1405 1173 1491 quidem
1190 1407 1316 1469 inveni-

180 1515 286 1573 antur.
331 1506 447 1593 ltaque
478 1515 632 1595 quattuor
654 1511 728 1573 illos
754 1511 858 1590 locos,
883 1510 1000 1594 quibus
1028 1509 1134 1573 codex
1163 1510 1317 1572 carminis

180 1612 311 1675 Paulini
333 1612 468 1677 brevem
491 1614 639 1677 vocalem
668 1619 745 1677 ante
770 1614 916 1678 vocalem
939 1613 1106 1698 sequentis
1130 1612 1225 1677 verbi
1247 1635 1317 1677 cor-

179 1721 308 1801 reptam
330 1715 476 1801 praebet,
499 1717 620 1801 optimo
643 1717 713 1782 iure
729 1716 939 1781 Hermannus
964 1723 997 1780 et
1014 1715 1164 1780 Graefius
1188 1717 1318 1780 coniec-

180 1820 261 1882 turis
286 1819 491 1902 expulerunt.
536 1819 637 1884 Hisce
660 1820 756 1884 Pauli
784 1821 865 1885 locis
889 1820 993 1885 odiosi
1021 1819 1069 1883 illi
1093 1824 1169 1882 sunt
1192 1819 1318 1883 hiatus:

179 1922 215 1985 ΙΙ
233 1925 293 1986 106
310 1943 376 2006 sq.:

851 2019 963 2092 odacro
985 2021 1108 2112 πεύκην

338 2122 397 2194 οὐκ
418 2123 534 2216 ἐλάτην
556 2123 685 2217 ἐνόησεν
707 2127 853 2214 έπαρκέα
876 2121 966 2196 οἶκον
989 2126 1118 2216 indutor.

182 2250 394 2315 Hermannus
418 2249 582 2335 έπαρκέας
604 2253 701 2316 scribi
725 2253 826 2316 voluit
850 2252 905 2337 (cf.
931 2253 1030 2339 Orph.
1055 2275 1087 2338 p.
1103 2252 1246 2338 XXVI).

267 2353 302 2417 Il
321 2356 400 2417 352:
423 2350 552 2442 νήματα
568 2349 826 2442 ποιναλόμσρφα,
851 2344 874 2419 ἃ
887 2350 1052 2440 βάρβαρος
1066 2349 1166 2442 ἤρσσε
1179 2351 1319 2441 μύρμηξ.

181 2456 393 2521 Hermannus
410 2460 430 2521 l.
442 2461 482 2522 l.:
506 2454 754 2546 ποικιλόμορφα
768 2454 811 2524 τά
826 2460 893 2524 κτλ.
932 2460 1026 2525 Haeo
1043 2482 1172 2545 quoque
1192 2461 1319 2524 coniec-

181 2566 254 2624 tura
267 2560 442 2624 admodum
455 2561 635 2647 probabilis
646 2584 718 2627 esse
731 2562 809 2626 mihi
822 2563 951 2626 videtur
962 2564 1166 2648 comparanti
1178 2585 1208 2626 v.
1219 2562 1319 2626 1276:

312 2661 508 2743 λεπταλέαις
530 2658 643 2744 λάλοις
665 2663 899 2750 κεκαλυμμένα,
923 2665 986 2730 τῶν
1009 2661 1065 2731 διὰ
1087 2664 1220 2752 μέσσης,

182 2767 239 2830 ubi
265 2768 379 2832 eodem
402 2769 498 2832 modo
527 2769 634 2833 hiatus
662 2769 716 2834 ille
741 2770 872 2834 odiosus
895 2770 1000 2833 forma
1021 2770 1086 2833 τῶν
1110 2791 1168 2854 pro
1192 2756 1237 2834 ὧν
1261 2769 1318 2834 ad-

179 2870 285 2934 bibita
307 2872 429 2936 vitatus
453 2878 512 2937 est.

266 2974 395 3039 Deinde
423 2975 456 3037 in
486 2976 570 3040 amb.
593 2998 623 3041 v.
646 2980 686 3040 59
715 2977 835 3041 codicis
864 2977 1039 3042 lectionem
1067 2967 1189 3042 ἄλλοθι
1216 2968 1320 3062 ὅρμη-

180 3079 297 3158 θεῖσα,
322 3099 404 3163 quae
427 3101 447 3142 a
470 3078 600 3144 Graefio
624 3079 653 3144 δ’
677 3079 863 3145 intermisso
888 3080 1097 3161 emendatur,
1121 3081 1260 3160 rectius,
1284 3085 1321 3143 ut

180 3186 276 3264 puto,
299 3181 523 3247 Volkmannns
534 3184 559 3269 ¹)
584 3184 813 3268 comprobante
838 3183 1051 3248 Scheindlero
1080 3184 1221 3262 sanavit,
1246 3205 1320 3247 oum

181 3275 321 3349 ἂλλοθεν
345 3285 512 3366 scriberet,
536 3308 633 3371 quam
655 3287 792 3350 formam
816 3293 893 3350 ante
918 3287 1058 3367 vocales,
1083 3288 1175 3350 velut
1196 3278 1320 3351 ἄλλοθι

183 3393 258 3452 ante
288 3395 519 3467 consonantes,
542 3390 649 3454 Nonni
682 3391 865 3456 imitatores
889 3390 1116 3474 frequentasse
1140 3396 1271 3455 constat
1297 3390 1319 3474 ).

267 3491 383 3577 Neque
411 3493 543 3557 minoris
576 3494 766 3558 offensionis
795 3499 847 3558 est
872 3494 998 3576 hiatus,
1034 3515 1132 3578 quem
1167 3495 1202 3556 in
1231 3495 1321 3559 amb.

180 3616 211 3660 v.
228 3597 290 3659 270
314 3596 467 3680 legimus:

622 3697 866 3778 πολυστέπτσις
887 3699 916 3766 d’
940 3696 999 3765 ἐπὶ
1022 3693 1140 3784 δώροις

339 3799 397 3867 καὶ
419 3800 515 3880 σέλας
537 3795 712 3885 ἇστνόχοισ
735 3798 790 3890 ἑῆς
813 3796 952 3892 ἀνέθηκε
973 3798 1121 3891 γαλήνης.

185 3922 291 3996 Quem
313 3924 438 3988 hiatum
463 3925 593 3989 etiamsi
616 3926 656 3990 ab
674 3926 812 3991 Homeri
834 3947 897 3989 usu
921 3932 954 3990 et
976 3931 1110 4012 propter
1131 3925 1239 4010 ipsam
1264 3949 1322 3991 vo-

183 4028 262 4091 calis
286 4023 302 4092 έ
317 4034 465 4092 naturam
491 4035 525 4094 et
547 4035 681 4115 propter
697 4051 865 4094 caesuram
882 4030 970 4094 tertii
985 4030 1078 4116 pedis
1100 4050 1166 4092 non
1184 4031 1323 4114 recedit,

182 4136 292 4196 tamen
328 4154 347 4196 a
375 4132 479 4196 Paulo
513 4134 642 4197 omnino
680 4154 753 4198 esse
788 4133 1039 4198 abiudicandum
1072 4138 1164 4218 puto.
1209 4133 1323 4220 Atque

270 4337 291 4405 ¹)
309 4337 477 4392 Volkmann.
496 4339 514 4392 l.
533 4338 552 4392 l.
570 4338 601 4392 in
619 4355 679 4408 cap.
698 4338 737 4392 VI
755 4339 793 4406 (p.
806 4339 840 4392 32
852 4338 924 4409 sqq.)
943 4338 977 4391 de
995 4337 1077 4391 hiatu
1095 4337 1164 4408 egit.

263 4427 284 4498 ²)
304 4427 344 4483 Of.
362 4427 445 4489 Paul,
465 4427 559 4488 11554
578 4423 695 4486 ἄλλοθεν
714 4423 789 4498 ἄλλη.
801 4427 834 4483 ll
841 4428 891 4482 ‘ddi
912 4423 1006 4481 ἄλλοθι
1024 4427 1084 4497 μέν.
