2774 4724
542 292 663 384 ..ἠ
714 361 755 370 ..

93 510 147 552 nec
173 495 262 553 caret
285 490 338 553 hic
361 491 451 554 locus
476 491 627 575 exemplo
650 491 775 574 Nonni,
807 516 881 558 nam
910 493 999 558 idem
1028 495 1220 558 vocabulum

92 595 134 658 ita
155 601 347 679 usurpatum
371 595 510 659 occurrit
538 595 572 659 in
595 593 691 660 Dion.
716 619 744 660 v.
769 600 798 678 2,
815 601 887 662 374.
917 597 967 662 ef.
991 598 1088 661 etiam
1116 603 1142 677 l,
1160 601 1221 663 458

92 691 253 784 (φάτνης),
278 699 394 782 quibus
417 698 450 761 in
474 698 623 763 versibus
648 721 755 764 rarum
779 701 866 765 hunc
889 723 983 764 usum
1007 722 1046 765 eo
1070 702 1222 765 excusari

93 800 321 865 Scheindlerus
344 800 534 865 Ludwichio
566 802 648 866 duce
672 801 789 886 (Beier.
812 825 843 888 p.
865 808 915 882 10)
939 804 1104 888 opinatur,
1135 805 1222 891 quod

90 903 172 968 idem
195 904 391 968 vocabulum
413 905 447 967 in
472 906 619 968 clausula
643 927 764 989 versus¹
780 908 827 971 ita
849 913 1032 992 repetatur,
1055 915 1092 971 ut
1115 909 1220 993 prima

91 1008 214 1092 syllaba
236 1009 269 1072 in
294 1007 359 1072 arsi
381 1012 458 1081 stet;
485 1010 523 1071 cf.
549 1011 579 1089 2,
596 1011 677 1072 374:

215 1107 272 1174 καὶ
295 1106 416 1196 πέτρην
438 1106 669 1194 προθέλυμνον
691 1107 895 1197 ἐπασσυτέρη
919 1108 999 1176 θέτο
1023 1109 1135 1198 πέτρῃ.

91 1214 184 1278 Hunc
202 1220 310 1278 autem
328 1215 436 1277 lusum
449 1214 621 1278 metricum
632 1214 663 1277 Ν
666 1235 750 1278 enno
767 1215 801 1277 in
813 1213 938 1278 deliciis
952 1216 1054 1280 fuisse
1071 1217 1221 1301 exempla

91 1340 109 1382 a
131 1315 342 1381 Scheindlero
367 1313 412 1400 (p.
430 1313 485 1398 63)
509 1314 659 1400 adposita
686 1316 815 1381 docent.

98 1474 101 1479 .
176 1420 310 1484 Ceteros
333 1419 429 1482 Pauli
450 1419 538 1483 locos
570 1420 603 1482 in
626 1420 764 1485 ambone
789 1421 855 1505 legi
884 1443 949 1485 non
973 1423 1119 1487 omittam
1143 1445 1220 1488 eno-

91 1533 156 1590 tare
182 1531 367 1611 propterea,
392 1523 479 1608 quod
501 1524 566 1586 iam
587 1524 717 1609 saepius
741 1525 774 1587 in
797 1524 859 1588 hac
882 1531 975 1609 parte
993 1525 1221 1612 descriptionis

90 1630 273 1695 liberiorem
296 1633 415 1713 poetae
439 1648 534 1692 usum
559 1628 778 1710 cognovimus.
823 1628 862 1691 In
886 1628 980 1713 pedis
997 1628 1040 1691 ΙΙ.
1065 1629 1149 1693 thesi
1172 1631 1220 1694 bis

91 1733 133 1819 (a.
150 1737 200 1798 al.
225 1731 280 1815 97)
305 1753 369 1795 vox
391 1725 534 1815 βάθροις
557 1731 705 1808 occurrit,
731 1732 833 1795 semel
857 1732 901 1814 (v.
919 1731 975 1811 28)
998 1727 1114 1818 κύκλῳ.

173 1835 215 1900 Α.
237 1836 275 1899 Ρ.
305 1835 542 1921 epigrammata
573 1840 699 1918 septem
729 1834 825 1898 huius
861 1836 1033 1920 positionis
1069 1837 1221 1921 exempla

91 1942 262 2026 praebent,
307 1959 445 2023 quorum
478 1941 496 2000 5
530 1959 603 2001 eam
644 1937 677 2000 in
710 1938 795 2023 pede
829 1937 873 2002 Π.
908 1939 1081 2014 exhibent3
1119 1941 1221 2004 semel

90 2045 180 2130 pedis
203 2044 230 2107 I.
253 2042 357 2107 thesis
381 2062 420 2105 ea
442 2040 655 2126 productione
679 2041 817 2125 insignis
842 2049 901 2106 est.

173 2149 212 2212 ln
245 2147 372 2227 verbio,
407 2166 491 2230 quae
526 2145 634 2230 plures
669 2165 766 2230 quam
800 2145 881 2209 duas
916 2146 1060 2230 syllabas
1088 2145 1220 2225 habent,

91 2253 204 2337 positio
238 2250 357 2314 debilis
393 2250 525 2334 saepius
555 2247 735 2311 admittitur
768 2249 800 2311 in
835 2249 921 2312 thesi
952 2249 1045 2334 pedis
1069 2249 1113 2312 ΙΙ.
1138 2247 1219 2333 (44),

91 2356 190 2419 rarius
213 2355 246 2418 in
269 2352 354 2417 thesi
371 2351 464 2437 pedis
481 2351 539 2414 IV.
565 2349 652 2435 (21);
677 2351 793 2416 eadem
816 2352 857 2416 de
875 2352 1118 2438 epigrammatis
1134 2375 1220 2417 com-

92 2459 298 2524 memoranda
322 2463 406 2521 sunt.
453 2457 668 2521 Inveniuntur
699 2463 809 2522 autem
832 2460 919 2544 apud
941 2460 1080 2525 Paulum
1105 2460 1221 2524 horum

91 2564 261 2628 verborum
283 2569 348 2626 tres
365 2561 536 2626 dumtaxat
552 2561 690 2625 formae:
716 2575 735 2610 ῖ
755 2564 759 2642 Ι
780 2585 842 2641 -ω,
874 2579 926 2615 a:
946 2565 951 2649 1
971 2589 1033 2645 n,
1065 2579 1085 2614 ε
1105 2567 1109 2645 l
1131 2591 1221 2644 ω,

92 2689 221 2752 quarum
245 2667 351 2752 prima
374 2664 562 2751 producitur
585 2665 618 2727 in
641 2664 729 2727 thesi
751 2664 844 2750 pedis
860 2666 903 2729 Π.
921 2674 954 2731 ct
969 2667 1038 2748 IV„
1062 2669 1166 2731 altera
1189 2668 1222 2730 in

93 2771 172 2855 pede
194 2771 250 2848 IL,
274 2770 372 2834 tertia
393 2771 427 2832 in
449 2768 535 2853 pede
558 2767 617 2833 IV.

172 2875 225 2938 Ex
240 2874 335 2938 Pauli
351 2875 451 2958 igitur
473 2894 536 2936 non
553 2872 660 2936 minus
678 2893 775 2957 quam
798 2891 841 2936 ex
856 2872 967 2937 Nonni
991 2881 1023 2938 et
1039 2881 1223 2939 ceterorum

94 2976 331 3042 Nonnianorum
360 2999 423 3042 usu
451 2978 549 3062 plane
579 2982 731 3061 apparet,
762 2981 965 3062 quantopere
989 2977 1158 3041 deminuta
1181 2979 1223 3041 sit

95 3081 137 3144 vis
157 3087 266 3146 mutae
290 3103 362 3145 cum
384 3080 508 3165 liquida
536 3080 736 3143 coniunctae.
781 3079 866 3143 Nam
895 3103 936 3145 ne
966 3080 1053 3166 apud
1075 3087 1222 3145 nostrum

97 3185 217 3268 quidem
240 3191 371 3270 poetam
402 3164 583 3248 admittitur
614 3183 695 3246 haec
718 3183 837 3268 positio
862 3185 925 3247 nisi
949 3184 1031 3247 arsis
1055 3185 1086 3246 vi
1110 3183 1220 3248 suble-

97 3294 165 3352 vata
187 3288 336 3374 exceptis
364 3288 540 3374 perpaucis
567 3286 667 3365 locis,
696 3285 813 3370 quibus
843 3287 917 3372 ipsa
939 3288 1069 3371 regula,
1094 3289 1121 3351 si
1145 3310 1223 3352 vera

100 3389 185 3458 docet
208 3399 304 3458 vetus
327 3392 408 3456 illud
430 3391 649 3477 proverbium,
674 3391 772 3454 etiam
797 3392 1035 3456 corroboratur.

175 3495 242 3561 Sed
275 3502 311 3559 ut
338 3495 434 3558 huius
467 3495 633 3579 positionis
663 3516 743 3558 usus
775 3495 851 3558 inde
876 3516 895 3558 a
917 3495 1032 3560 Nonne
1061 3498 1158 3561 certis
1190 3503 1223 3560 et

99 3599 328 3684 angustissimis
350 3600 468 3662 finibus
500 3599 764 3683 circumscriptus
789 3605 870 3679 erat,
891 3600 938 3662 ita
961 3620 1033 3662 eam
1058 3601 1223 3685 nelcgere,

99 3721 151 3784 quc
186 3704 322 3788 quisque
361 3703 460 3767 vellet
489 3704 580 3783 loco,
619 3702 749 3766 omnino
777 3722 842 3765 non
876 3702 997 3767 licebat
1029 3702 1221 3769 Nonnianis.

98 3803 201 3892 ltaque
226 3809 324 3871 etiam
349 3808 555 3892 correptio
579 3809 719 3886 attica,
752 3826 836 3890 quae
865 3807 986 3870 omissa
1013 3805 1222 3891 productione

99 3917 163 3976 ante
186 3916 309 3974 mutam
334 3916 367 3974 et
389 3910 547 3995 liquidam
570 3911 680 3990 oritur,
702 3908 833 3993 legibus
851 3908 1047 3994 quibusdam
1068 3907 1223 3973 adstricta

99 4019 148 4080 est.
192 4014 267 4088 Qua
294 4013 455 4098 quomodo
483 4013 558 4078 inde
588 4014 628 4078 ab
652 4013 797 4077 Homero
824 4015 875 4077 usi
900 4014 964 4076 sint
987 4017 1104 4098 poetae
1128 4011 1224 4096 epici,

97 4117 240 4203 princeps
278 4119 431 4204 exposuit
468 4117 599 4182 Godofr.
629 4117 840 4182 Hermannus
874 4119 908 4182 in
945 4116 1223 4203 praestantissimo

97 4217 303 4307 Orphicorum
332 4222 425 4288 libro.
476 4221 541 4286 Sed
565 4222 755 4307 priusquam
783 4222 824 4286 de
855 4221 952 4285 huius
980 4222 1040 4286 viri
1069 4219 1222 4305 opinione

95 4320 263 4405 disseram,
297 4345 394 4408 quam
417 4325 568 4410 praebuit
590 4324 631 4389 de
655 4323 772 4388 Nonne
802 4330 836 4388 et
857 4325 979 4403 Paulo5
1005 4325 1111 4407 ipsius
1128 4323 1239 4382 essu

94 4445 185 4493 usum
214 4427 493 4494 demonstraturus
526 4451 609 4496 sum.
663 4427 734 4495 llic
763 4448 901 4516 quoque
931 4423 1110 4510 agendum
1135 4421 1194 4475 esu
1218 4413 1268 4466 be
