2774 4724
510 290 723 351 ,47-

59 463 200 527 stitutam
214 463 237 545 ¹)
262 457 454 548 (numquam
485 481 559 526 esse
583 462 789 525 coniunctam
812 459 1090 545 penthemimeren
1115 480 1189 523 cunr

59 585 191 631 caesura
212 586 314 631 masc.
331 567 385 647 V.)
409 566 510 630 etiarn
533 565 672 628 Paulum
692 564 885 628 observasse
909 563 979 648 ipsc
1004 565 1050 627 vir
1075 563 1190 627 doctus

56 668 128 755 (ll.
151 692 181 756 p.
210 672 307 750 1006)
338 669 584 734 demonstravit
631 667 751 732 Paucis
782 668 869 732 enim
901 668 934 729 in
958 667 1005 731 eis
1029 668 1189 748 versibus,

56 774 87 836 in
118 773 234 857 quibus
266 772 348 837 haec
383 793 518 836 caesura
548 771 830 858 penthemimeren
863 771 1027 854 sequitur,
1059 771 1189 833 omnino

55 899 118 940 non
148 877 287 940 sentitur
314 875 567 960 monosyllabis,
597 896 681 960 quac
713 896 844 958 semper
871 875 904 937 in
934 874 998 938 arsi
1021 874 1062 938 V.
1092 879 1190 955 stant,

55 980 95 1044 ab
118 980 390 1045 antecedentibus
407 980 517 1043 verbis
534 979 797 1064 interpunctione
815 978 972 1041 seiunctis
997 985 1030 1041 11
1051 998 1189 1062 sequen-

54 1084 140 1149 tibus
164 1091 233 1149 artc
258 1084 420 1168 adligatis.
473 1083 524 1146 De
550 1082 642 1169 pedis
665 1082 724 1145 Vl.
749 1103 884 1146 caesura
907 1102 1007 1145 masc.
1033 1081 1190 1145 hocloco

54 1187 135 1252 haec
153 1188 272 1251 dicam:
297 1208 370 1251 eam
387 1208 518 1272 semper
533 1193 607 1272 post
622 1186 802 1249 bucolicam
823 1191 910 1248 stare
934 1206 994 1248 nec
1012 1206 1076 1248 non
1094 1206 1188 1270 prac-

56 1291 249 1355 eedentibus
282 1290 391 1355 verbis
424 1289 664 1362 choriambicis;
695 1287 735 1351 de
759 1288 901 1367 duobus,
925 1289 978 1372 qui
1003 1288 1190 1368 abhorrent,

55 1394 134 1458 locis
157 1394 241 1457 infra
264 1393 453 1479 explicabo,
477 1393 533 1455 ubi
556 1391 596 1456 de
621 1391 856 1476 monosyllabis
880 1412 1009 1455 versum
1035 1390 1189 1454 clauden-

57 1498 142 1561 tibus
167 1497 393 1562 disserendum
417 1498 490 1562 erit.

145 1621 173 1666 c.
197 1600 287 1665 Inter
311 1600 535 1677 diaereses,
553 1619 633 1684 quas
651 1604 816 1684 postremo
833 1599 1090 1683 contemplamur
1106 1599 1190 1662 inter

59 1702 238 1768 hexametri
268 1704 460 1783 incisiones,
493 1709 634 1788 excepta
665 1703 811 1766 bucolica
842 1701 1000 1766 diaeresis
1032 1702 1123 1787 pedis
1151 1702 1191 1765 V.

60 1807 198 1871 maxime
221 1808 376 1892 frequens
401 1812 452 1870 est
469 1827 604 1870 numero
622 1805 762 1890 quidem,
787 1806 844 1870 sed
869 1805 930 1869 hac
947 1826 1074 1891 quoque
1098 1813 1191 1891 parte

63 1931 213 1975 caesurae
235 1911 339 1975 troch.
356 1911 396 1974 V.
420 1910 583 1973 simillima
605 1911 691 1973 omni
715 1909 747 1972 vi
771 1915 877 1984 caret;
901 1931 975 1972 nam
1000 1911 1047 1973 eis
1064 1930 1191 1994 quoque

64 2013 279 2093 iprensibus,
309 2015 343 2076 in
366 2014 483 2099 quibus
506 2012 701 2076 vocabulum
726 2013 756 2076 ei
780 2012 945 2076 antecedit
969 2035 1067 2076 scnsu
1091 2014 1192 2077 artius

65 2117 264 2180 coniunctum
295 2138 368 2180 cum
400 2117 545 2189 nomine,
576 2114 661 2200 quod
686 2121 762 2178 ante
785 2114 967 2178 bucolicam
992 2120 1057 2180 stat
1094 2115 1193 2200 (sieut

67 2218 96 2280 in
116 2240 144 2282 v.
160 2219 193 2282 ΙΙ
214 2222 252 2283 73
277 2218 311 2298 ἐς
326 2212 576 2306 ὅπλετονυήέρα
595 2218 600 2301 Ι
620 2213 753 2305 πήληξ),
777 2218 936 2298 bucolica,
960 2238 1023 2301 qua
1046 2227 1096 2282 est
1118 2241 1192 2304 gra-

69 2321 168 2399 vitate,
190 2326 380 2408 praevalere
405 2324 483 2386 mihi
500 2322 638 2386 videtur.
684 2321 838 2385 Fortasse
859 2327 969 2385 tamen
994 2322 1026 2385 in
1050 2321 1101 2387 his
1118 2346 1192 2388 ver-

70 2423 150 2489 sibus
179 2426 234 2512 (cf.
267 2426 597 2512 1111111188211
626 2431 659 2488 et
682 2424 777 2508 alios)
807 2426 1014 2488 intervallum
1046 2428 1193 2510 quamvis

71 2531 228 2609 parvulum
254 2530 317 2594 hac
346 2530 485 2595 diaeresi
513 2529 598 2594 effici
626 2529 722 2609 velis,
756 2550 814 2592 nec
839 2529 962 2609 minus,
994 2530 1030 2609 si,
1054 2529 1086 2592 id
1110 2531 1195 2614 quod

72 2649 136 2694 raro
160 2632 208 2711 fit,
239 2639 297 2697 111
324 2634 460 2697 verbum
491 2655 550 2697 sex
579 2633 776 2716 syllabarum
807 2639 864 2697 aut
892 2633 1026 2696 verbum
1051 2636 1194 2719 quinque

75 2732 241 2824 (quattuor)
266 2739 464 2822 syllabarum
494 2760 567 2802 cum
597 2735 641 2817 δέ,
665 2732 716 2814 τίς
739 2738 863 2801 voculis
887 2739 1095 2803 coniunctum
1119 2740 1194 2803 huic

75 2836 199 2906 diaeresi
222 2842 402 2919 antecedit,
426 2847 462 2905 ut
485 2842 550 2905 alia
572 2841 728 2904 incisione
752 2847 861 2905 careat
885 2841 1023 2905 alterum
1047 2842 1194 2906 hemisti-
1287 2852 1290 2856 '

77 2941 170 3009 chium
193 2947 248 3025 (cf.
272 2947 345 3010 184
369 2948 435 3029 al).
469 2984 507 2991 —
538 2945 676 3030 Saepius
705 2953 814 3008 autem
842 2945 995 3031 ponderis
1027 2947 1194 3011 cuiusdam

76 3044 215 3114 diaeresis
232 3050 324 3135 pedis
340 3049 366 3113 I.
387 3056 451 3130 est,
473 3050 665 3136 praesertim
684 3070 755 3112 cum
773 3056 931 3134 sequente
948 3050 1104 3113 vocabulo
1122 3053 1194 3137 plu-

79 3148 149 3213 rium
167 3153 363 3238 syllabarum
380 3153 448 3217 sola
464 3154 495 3215 in
512 3154 617 3238 primo
631 3151 833 3216 hemistichio
852 3152 1047 3218 dominetur.
1092 3153 1196 3218 Maior

81 3272 144 3334 pars
158 3277 267 3320 corum
285 3279 448 3335 versuum,
474 3258 526 3341 qui
544 3256 687 3341 spondeo
703 3254 904 3335 incohantur,
927 3256 1010 3320 hanc
1034 3257 1196 3322 diaeresin

77 3355 206 3423 exhibet.
221 3398 260 3406 -
277 3360 393 3445 Neque
418 3382 494 3424 vcro
511 3380 663 3444 umquam
686 3360 823 3422 sentitur
839 3359 996 3423 diaeresis
1013 3361 1106 3445 pedis
1122 3362 1195 3440 lll.,

77 3458 141 3540 quia
173 3461 401 3527 antecedentia
435 3462 535 3526 verba
570 3458 639 3546 (καὶ
670 3467 726 3524 111
760 3463 1031 3546 praepositiones)
1067 3485 1196 3550 semper

77 3567 136 3627 arte
152 3586 221 3629 cum
239 3567 453 3650 sequentibus
471 3567 657 3631 cohaerent.
702 3565 871 3629 Diaeresis
889 3565 982 3650 pedis
997 3566 1052 3648 IL,
1069 3572 1104 3630 ut
1120 3589 1194 3631 cae-

76 3685 140 3728 sura
153 3668 255 3733 troch.
270 3668 325 3745 IL,
341 3667 510 3754 perrar02)
529 3689 634 3752 ncque
650 3688 803 3751 umquam
820 3675 896 3732 ante
915 3670 1195 3754 penthemimeren

76 3774 186 3846 exstat3
206 3793 384 3856 numquam
401 3773 501 3857 igitur
512 3773 593 3836 arsis
608 3771 670 3834 III.
689 3772 914 3856 monosyllabo
933 3773 1080 3838 eflicitur.
1115 3773 1196 3836 Tres

74 3891 174 3939 versus
189 3876 310 3961 aliquid
323 3877 513 3941 offensionis
531 3876 663 3955 habent,
677 3877 752 3960 quia
764 3877 960 3962 dactylicum
973 3885 1028 3941 aut
1044 3878 1196 3964 spondai-

74 3995 137 4040 cum
160 3980 293 4043 verbum
317 3979 392 4043 huic
418 3979 556 4043 diaeresi
583 3979 748 4042 antecedit
772 3980 868 4063 (175.
893 3980 926 4043 II
944 3984 1004 4045 4811
1029 3982 1195 4065 a.181³))‚

152 4151 172 4217 ¹)
191 4150 210 4204 1.
219 4133 238 4204 i.
257 4169 284 4219 p.
297 4151 356 4206 aar.
376 4151 451 4205 1005.

153 4239 174 4301 ²)
193 4234 232 4289 ef.
251 4237 367 4306 Baumg.
387 4255 413 4305 p.
427 4237 468 4290 30.

157 4322 178 4386 ⁸)
198 4320 269 4376 175:
289 4317 388 4394 ἀνέρας
411 4321 515 4375 ὁππότε
538 4324 617 4375 νῶτα,
647 4323 673 4374 ΙΙ
688 4323 753 4376 480:
773 4318 888 4395 ἀστέρας
907 4320 1024 4376 (11111111
1045 4322 1214 4375 1111νῶ1

10 4396 12 4429 ⁵
69 4421 91 4457 a.
110 4406 158 4460 181
176 4405 249 4459 inira
267 4407 364 4462 dicam.
