<?xml version="1.0" encoding="UTF-8"?>
<!DOCTYPE html PUBLIC "-//W3C//DTD XHTML 1.0 Transitional//EN"
    "http://www.w3.org/TR/xhtml1/DTD/xhtml1-transitional.dtd">
<html xmlns="http://www.w3.org/1999/xhtml" xml:lang="en" lang="en">
 <head>
  <title>
</title>
<meta http-equiv="Content-Type" content="text/html;charset=utf-8" />
  <meta name='ocr-system' content='tesseract 3.04.00' />
  <meta name='ocr-capabilities' content='ocr_page ocr_carea ocr_par ocr_line ocrx_word'/>
</head>
<body>
  <div class='ocr_page' id='page_1' title='image "./depaulosilentia00merigoog_0075.png"; bbox 0 0 2774 4724; ppageno 0'>
   <div class='ocr_carea' id='block_1_1' title="bbox 630 281 842 342">
    <p class='ocr_par' dir='ltr' id='par_1_1' title="bbox 630 281 842 342">
     <span class='ocr_line' id='line_1_1' title="bbox 630 281 842 342; baseline 0.038 -18"><span class='ocrx_word' id='word_1_1' title='bbox 630 281 842 342; x_wconf 59' lang='lat'>..66-</span> 
     </span>
    </p>
   </div>
   <div class='ocr_carea' id='block_1_2' title="bbox 165 445 1306 846">
    <p class='ocr_par' dir='ltr' id='par_1_2' title="bbox 165 445 1306 846">
     <span class='ocr_line' id='line_1_2' title="bbox 165 445 1303 535; baseline 0 -23"><span class='ocrx_word' id='word_1_2' title='bbox 165 467 195 514; x_wconf 87' lang='lat' dir='ltr'>v.</span> <span class='ocrx_word' id='word_1_3' title='bbox 213 451 276 512; x_wconf 89' lang='grc'>339</span> <span class='ocrx_word' id='word_1_4' title='bbox 300 446 405 532; x_wconf 80' lang='grc' dir='ltr'>(δοιαὶ</span> <span class='ocrx_word' id='word_1_5' title='bbox 427 445 511 533; x_wconf 82' lang='grc' dir='ltr'>μέν),</span> <span class='ocrx_word' id='word_1_6' title='bbox 536 448 577 512; x_wconf 91' lang='lat' dir='ltr'>ad</span> <span class='ocrx_word' id='word_1_7' title='bbox 601 470 697 534; x_wconf 89' lang='lat' dir='ltr'>quem</span> <span class='ocrx_word' id='word_1_8' title='bbox 722 448 807 533; x_wconf 90' lang='lat' dir='ltr'>quod</span> <span class='ocrx_word' id='word_1_9' title='bbox 835 449 1099 533; x_wconf 86' lang='lat' dir='ltr'>Baumgartcnus</span> <span class='ocrx_word' id='word_1_10' title='bbox 1124 471 1303 535; x_wconf 84' lang='lat' dir='ltr'><strong>numquam</strong></span> 
     </span>
     <span class='ocr_line' id='line_1_3' title="bbox 165 552 1303 644; baseline 0.001 -29"><span class='ocrx_word' id='word_1_11' title='bbox 165 552 317 616; x_wconf 83' lang='lat' dir='ltr'>Noenum</span> <span class='ocrx_word' id='word_1_12' title='bbox 342 553 420 616; x_wconf 88' lang='lat' dir='ltr'>talia</span> <span class='ocrx_word' id='word_1_13' title='bbox 437 554 538 644; x_wconf 84' lang='lat' dir='ltr'>verba</span> <span class='ocrx_word' id='word_1_14' title='bbox 561 553 593 615; x_wconf 93' lang='lat' dir='ltr'>in</span> <span class='ocrx_word' id='word_1_15' title='bbox 616 554 702 616; x_wconf 93' lang='lat' dir='ltr'>thesi</span> <span class='ocrx_word' id='word_1_16' title='bbox 718 552 744 618; x_wconf 90' lang='lat' dir='ltr'>I.</span> <span class='ocrx_word' id='word_1_17' title='bbox 769 553 950 617; x_wconf 73' lang='lat' dir='ltr'>collocasse</span> <span class='ocrx_word' id='word_1_18' title='bbox 967 552 1112 632; x_wconf 88' lang='lat' dir='ltr'>adnotat,</span> <span class='ocrx_word' id='word_1_19' title='bbox 1136 553 1221 615; x_wconf 90' lang='lat' dir='ltr'>bano</span> <span class='ocrx_word' id='word_1_20' title='bbox 1244 553 1303 616; x_wconf 91' lang='lat' dir='ltr'>ad-</span> 
     </span>
     <span class='ocr_line' id='line_1_4' title="bbox 166 657 1306 744; baseline 0.001 -26"><span class='ocrx_word' id='word_1_21' title='bbox 166 657 365 720; x_wconf 82' lang='lat' dir='ltr'>notationem</span> <span class='ocrx_word' id='word_1_22' title='bbox 388 678 450 720; x_wconf 92' lang='grc'>666</span> <span class='ocrx_word' id='word_1_23' title='bbox 474 657 634 741; x_wconf 83' lang='lat' dir='ltr'>quadrare</span> <span class='ocrx_word' id='word_1_24' title='bbox 659 657 700 720; x_wconf 90' lang='lat' dir='ltr'>ad</span> <span class='ocrx_word' id='word_1_25' title='bbox 728 657 946 744; x_wconf 83' lang='lat' dir='ltr'>paraphrasin</span> <span class='ocrx_word' id='word_1_26' title='bbox 975 657 1151 731; x_wconf 88' lang='lat' dir='ltr'>concedes;</span> <span class='ocrx_word' id='word_1_27' title='bbox 1174 679 1251 720; x_wconf 91' lang='lat' dir='ltr'>uam</span> <span class='ocrx_word' id='word_1_28' title='bbox 1274 657 1306 719; x_wconf 93' lang='lat' dir='ltr'>in</span> 
     </span>
     <span class='ocr_line' id='line_1_5' title="bbox 166 753 1035 846; baseline 0.005 -25"><span class='ocrx_word' id='word_1_29' title='bbox 166 780 195 823; x_wconf 87' lang='lat' dir='ltr'>r.</span> <span class='ocrx_word' id='word_1_30' title='bbox 219 763 258 822; x_wconf 90' lang='lat' dir='ltr'><em>H</em></span> <span class='ocrx_word' id='word_1_31' title='bbox 272 764 330 824; x_wconf 84' lang='grc'>159</span> <span class='ocrx_word' id='word_1_32' title='bbox 354 761 452 824; x_wconf 87' lang='lat' dir='ltr'>talem</span> <span class='ocrx_word' id='word_1_33' title='bbox 475 761 605 846; x_wconf 87' lang='lat' dir='ltr'>repperi</span> <span class='ocrx_word' id='word_1_34' title='bbox 628 760 875 846; x_wconf 89' lang='lat' dir='ltr'>productionem</span> <span class='ocrx_word' id='word_1_35' title='bbox 900 753 1035 844; x_wconf 74' lang='lat' dir='ltr'>(ditor).</span> 
     </span>
    </p>
   </div>
   <div class='ocr_carea' id='block_1_3' title="bbox 165 882 1306 1281">
    <p class='ocr_par' dir='ltr' id='par_1_3' title="bbox 165 882 1306 1281">
     <span class='ocr_line' id='line_1_6' title="bbox 253 882 1304 968; baseline 0.003 -26"><span class='ocrx_word' id='word_1_36' title='bbox 253 901 279 944; x_wconf 93' lang='grc'>6.</span> <span class='ocrx_word' id='word_1_37' title='bbox 304 903 386 966; x_wconf 89' lang='lat' dir='ltr'>quae</span> <span class='ocrx_word' id='word_1_38' title='bbox 408 902 484 945; x_wconf 91' lang='lat' dir='ltr'>una</span> <span class='ocrx_word' id='word_1_39' title='bbox 508 882 749 945; x_wconf 80' lang='lat' dir='ltr'>consonanti</span> <span class='ocrx_word' id='word_1_40' title='bbox 774 882 940 959; x_wconf 90' lang='lat' dir='ltr'>finiuntur,</span> <span class='ocrx_word' id='word_1_41' title='bbox 965 887 1033 946; x_wconf 88' lang='lat' dir='ltr'>ter:</span> <span class='ocrx_word' id='word_1_42' title='bbox 1056 882 1169 946; x_wconf 84' lang='lat'>11360</span> <span class='ocrx_word' id='word_1_43' title='bbox 1187 882 1304 968; x_wconf 76' lang='grc' dir='ltr'><em>πῆχυς.</em></span> 
     </span>
     <span class='ocr_line' id='line_1_7' title="bbox 167 979 1304 1071; baseline 0.003 -26"><span class='ocrx_word' id='word_1_44' title='bbox 167 984 228 1046; x_wconf 86' lang='grc'>366</span> <span class='ocrx_word' id='word_1_45' title='bbox 252 979 376 1070; x_wconf 75' lang='grc' dir='ltr'><strong><em>τρητός.</em></strong></span> <span class='ocrx_word' id='word_1_46' title='bbox 401 1007 428 1048; x_wconf 85' lang='grc'>6.</span> <span class='ocrx_word' id='word_1_47' title='bbox 446 988 486 1049; x_wconf 90' lang='grc'>66</span> <span class='ocrx_word' id='word_1_48' title='bbox 509 988 615 1062; x_wconf 82' lang='grc' dir='ltr'><strong>τοῖος;</strong></span> <span class='ocrx_word' id='word_1_49' title='bbox 645 987 762 1069; x_wconf 91' lang='lat' dir='ltr'>quibus</span> <span class='ocrx_word' id='word_1_50' title='bbox 786 986 935 1050; x_wconf 84' lang='lat' dir='ltr'>versibus</span> <span class='ocrx_word' id='word_1_51' title='bbox 959 987 1115 1050; x_wconf 89' lang='lat' dir='ltr'>nonnulla</span> <span class='ocrx_word' id='word_1_52' title='bbox 1138 986 1304 1071; x_wconf 85' lang='lat' dir='ltr'>epigram-</span> 
     </span>
     <span class='ocr_line' id='line_1_8' title="bbox 166 1089 1306 1174; baseline 0.005 -27"><span class='ocrx_word' id='word_1_53' title='bbox 166 1093 289 1151; x_wconf 83' lang='lat' dir='ltr'>matum</span> <span class='ocrx_word' id='word_1_54' title='bbox 314 1091 467 1174; x_wconf 89' lang='lat' dir='ltr'>exempla</span> <span class='ocrx_word' id='word_1_55' title='bbox 489 1089 622 1153; x_wconf 88' lang='lat' dir='ltr'>addam:</span> <span class='ocrx_word' id='word_1_56' title='bbox 646 1089 678 1153; x_wconf 90' lang='lat' dir='ltr'><strong>V</strong></span> <span class='ocrx_word' id='word_1_57' title='bbox 694 1093 766 1169; x_wconf 83' lang='lat'>274,</span> <span class='ocrx_word' id='word_1_58' title='bbox 783 1093 802 1151; x_wconf 81' lang='lat'>5</span> <span class='ocrx_word' id='word_1_59' title='bbox 825 1089 951 1155; x_wconf 79' lang='grc' dir='ltr'><strong><em>τοῦτον.</em></strong></span> <span class='ocrx_word' id='word_1_60' title='bbox 969 1126 1008 1135; x_wconf 94' lang='grc'><strong>-</strong></span> <span class='ocrx_word' id='word_1_61' title='bbox 1025 1089 1075 1153; x_wconf 90' lang='lat' dir='ltr'>VI</span> <span class='ocrx_word' id='word_1_62' title='bbox 1091 1094 1142 1168; x_wconf 82' lang='lat'>54,</span> <span class='ocrx_word' id='word_1_63' title='bbox 1160 1093 1178 1150; x_wconf 84' lang='lat'>5</span> <span class='ocrx_word' id='word_1_64' title='bbox 1203 1095 1306 1174; x_wconf 79' lang='grc' dir='ltr'><em>βραγ-</em></span> 
     </span>
     <span class='ocr_line' id='line_1_9' title="bbox 165 1184 1204 1281; baseline 0.004 -27"><span class='ocrx_word' id='word_1_65' title='bbox 165 1184 231 1270; x_wconf 84' lang='grc' dir='ltr'><strong><em>χόν.</em></strong></span> <span class='ocrx_word' id='word_1_66' title='bbox 255 1229 296 1237; x_wconf 89' lang='lat'>-</span> <span class='ocrx_word' id='word_1_67' title='bbox 320 1194 401 1271; x_wconf 77' lang='grc'><strong>64,1</strong></span> <span class='ocrx_word' id='word_1_68' title='bbox 431 1187 534 1281; x_wconf 79' lang='grc' dir='ltr'><strong><em>γυρόν.</em></strong></span> <span class='ocrx_word' id='word_1_69' title='bbox 560 1231 599 1240; x_wconf 88' lang='grc'><strong>-</strong></span> <span class='ocrx_word' id='word_1_70' title='bbox 624 1195 712 1274; x_wconf 80' lang='lat'>84,4</span> <span class='ocrx_word' id='word_1_71' title='bbox 734 1187 864 1278; x_wconf 80' lang='grc' dir='ltr'><em>χερμάς.</em></span> <span class='ocrx_word' id='word_1_72' title='bbox 889 1232 930 1242; x_wconf 92' lang='lat'><em>-</em></span> <span class='ocrx_word' id='word_1_73' title='bbox 954 1196 1042 1275; x_wconf 81' lang='lat'>84,7</span> <span class='ocrx_word' id='word_1_74' title='bbox 1065 1187 1204 1276; x_wconf 76' lang='grc' dir='ltr'><strong><em>θεσμόν.</em></strong></span> 
     </span>
    </p>
   </div>
   <div class='ocr_carea' id='block_1_4' title="bbox 165 1311 1305 1607">
    <p class='ocr_par' dir='ltr' id='par_1_4' title="bbox 165 1311 1305 1607">
     <span class='ocr_line' id='line_1_10' title="bbox 253 1311 1305 1398; baseline 0.001 -24"><span class='ocrx_word' id='word_1_75' title='bbox 253 1312 283 1374; x_wconf 93' lang='lat' dir='ltr'>d.</span> <span class='ocrx_word' id='word_1_76' title='bbox 307 1311 492 1398; x_wconf 87' lang='lat' dir='ltr'>Disyllaba,</span> <span class='ocrx_word' id='word_1_77' title='bbox 521 1335 605 1398; x_wconf 89' lang='lat' dir='ltr'>quae</span> <span class='ocrx_word' id='word_1_78' title='bbox 634 1320 778 1378; x_wconf 84' lang='lat' dir='ltr'>natura</span> <span class='ocrx_word' id='word_1_79' title='bbox 801 1314 956 1398; x_wconf 87' lang='lat' dir='ltr'>longam</span> <span class='ocrx_word' id='word_1_80' title='bbox 986 1314 1111 1379; x_wconf 91' lang='lat' dir='ltr'>babent</span> <span class='ocrx_word' id='word_1_81' title='bbox 1143 1313 1305 1398; x_wconf 87' lang='lat' dir='ltr'>syllabam</span> 
     </span>
     <span class='ocr_line' id='line_1_11' title="bbox 165 1415 1305 1504; baseline 0.002 -27"><span class='ocrx_word' id='word_1_82' title='bbox 165 1415 306 1496; x_wconf 89' lang='lat' dir='ltr'>finalem,</span> <span class='ocrx_word' id='word_1_83' title='bbox 331 1418 470 1501; x_wconf 89' lang='lat' dir='ltr'>primum</span> <span class='ocrx_word' id='word_1_84' title='bbox 501 1418 618 1503; x_wconf 90' lang='lat' dir='ltr'>pedem</span> <span class='ocrx_word' id='word_1_85' title='bbox 651 1419 785 1504; x_wconf 87' lang='lat' dir='ltr'>explent</span> <span class='ocrx_word' id='word_1_86' title='bbox 808 1419 841 1483; x_wconf 94' lang='lat' dir='ltr'>in</span> <span class='ocrx_word' id='word_1_87' title='bbox 864 1422 905 1481; x_wconf 88' lang='grc'>60</span> <span class='ocrx_word' id='word_1_88' title='bbox 929 1419 1093 1498; x_wconf 88' lang='lat' dir='ltr'>versibus,</span> <span class='ocrx_word' id='word_1_89' title='bbox 1123 1417 1305 1481; x_wconf 89' lang='lat' dir='ltr'>secundum</span> 
     </span>
     <span class='ocr_line' id='line_1_12' title="bbox 165 1521 1305 1607; baseline 0.004 -27"><span class='ocrx_word' id='word_1_90' title='bbox 165 1540 243 1581; x_wconf 84' lang='lat' dir='ltr'>vero</span> <span class='ocrx_word' id='word_1_91' title='bbox 267 1521 299 1582; x_wconf 94' lang='lat' dir='ltr'>in</span> <span class='ocrx_word' id='word_1_92' title='bbox 323 1541 387 1582; x_wconf 91' lang='lat' dir='ltr'>uno</span> <span class='ocrx_word' id='word_1_93' title='bbox 411 1521 467 1583; x_wconf 93' lang='lat' dir='ltr'>illo</span> <span class='ocrx_word' id='word_1_94' title='bbox 492 1521 638 1584; x_wconf 89' lang='lat' dir='ltr'>ambonis</span> <span class='ocrx_word' id='word_1_95' title='bbox 661 1544 691 1586; x_wconf 84' lang='lat' dir='ltr'>v.</span> <span class='ocrx_word' id='word_1_96' title='bbox 711 1524 765 1585; x_wconf 84' lang='lat'>181</span> <span class='ocrx_word' id='word_1_97' title='bbox 794 1543 892 1607; x_wconf 88' lang='lat' dir='ltr'>supra</span> <span class='ocrx_word' id='word_1_98' title='bbox 908 1527 1161 1587; x_wconf 88' lang='lat' dir='ltr'>commemorato</span> <span class='ocrx_word' id='word_1_99' title='bbox 1179 1526 1223 1606; x_wconf 85' lang='lat' dir='ltr'>(p.</span> <span class='ocrx_word' id='word_1_100' title='bbox 1238 1523 1305 1603; x_wconf 76' lang='lat'>50).</span> 
     </span>
    </p>
   </div>
   <div class='ocr_carea' id='block_1_5' title="bbox 157 1659 1309 4458">
    <p class='ocr_par' dir='ltr' id='par_1_5' title="bbox 165 1659 1308 2473">
     <span class='ocr_line' id='line_1_13' title="bbox 255 1659 1306 1746; baseline -0.002 -23"><span class='ocrx_word' id='word_1_101' title='bbox 255 1660 316 1723; x_wconf 93' lang='grc' dir='ltr'>ΠΙ.</span> <span class='ocrx_word' id='word_1_102' title='bbox 347 1660 576 1746; x_wconf 80' lang='lat' dir='ltr'>Trisyllaba</span> <span class='ocrx_word' id='word_1_103' title='bbox 599 1660 697 1725; x_wconf 90' lang='lat' dir='ltr'>huius</span> <span class='ocrx_word' id='word_1_104' title='bbox 721 1666 846 1724; x_wconf 90' lang='lat' dir='ltr'>tantum</span> <span class='ocrx_word' id='word_1_105' title='bbox 870 1661 994 1726; x_wconf 88' lang='lat' dir='ltr'>formae</span> <span class='ocrx_word' id='word_1_106' title='bbox 1018 1697 1037 1710; x_wconf 63' lang='grc' dir='ltr'><strong>ν</strong></span> <span class='ocrx_word' id='word_1_107' title='bbox 1058 1663 1062 1742; x_wconf 80' lang='grc' dir='ltr'>Ι</span> <span class='ocrx_word' id='word_1_108' title='bbox 1083 1671 1138 1709; x_wconf 55' lang='lat' dir='ltr'>e:</span> <span class='ocrx_word' id='word_1_109' title='bbox 1162 1659 1195 1721; x_wconf 92' lang='lat' dir='ltr'>in</span> <span class='ocrx_word' id='word_1_110' title='bbox 1219 1659 1306 1722; x_wconf 90' lang='lat' dir='ltr'>thesi</span> 
     </span>
     <span class='ocr_line' id='line_1_14' title="bbox 169 1763 1307 1849; baseline 0 -23"><span class='ocrx_word' id='word_1_111' title='bbox 169 1764 348 1848; x_wconf 89' lang='lat' dir='ltr'>producere</span> <span class='ocrx_word' id='word_1_112' title='bbox 381 1765 473 1839; x_wconf 92' lang='lat' dir='ltr'>licet;</span> <span class='ocrx_word' id='word_1_113' title='bbox 512 1786 588 1828; x_wconf 92' lang='lat' dir='ltr'>uam</span> <span class='ocrx_word' id='word_1_114' title='bbox 618 1807 638 1812; x_wconf 96' lang='lat'><em>-</em></span> <span class='ocrx_word' id='word_1_115' title='bbox 659 1763 664 1846; x_wconf 80' lang='grc' dir='ltr'>Ι</span> <span class='ocrx_word' id='word_1_116' title='bbox 683 1777 740 1812; x_wconf 57' lang='grc' dir='ltr'>ιῑ</span> <span class='ocrx_word' id='word_1_117' title='bbox 785 1784 876 1827; x_wconf 91' lang='lat' dir='ltr'>orma</span> <span class='ocrx_word' id='word_1_118' title='bbox 905 1771 1038 1849; x_wconf 89' lang='lat' dir='ltr'>propter</span> <span class='ocrx_word' id='word_1_119' title='bbox 1066 1764 1185 1827; x_wconf 83' lang='lat' dir='ltr'>vitatos</span> <span class='ocrx_word' id='word_1_120' title='bbox 1217 1763 1307 1848; x_wconf 90' lang='lat' dir='ltr'>apud</span> 
     </span>
     <span class='ocr_line' id='line_1_15' title="bbox 166 1864 1307 1953; baseline -0.002 -23"><span class='ocrx_word' id='word_1_121' title='bbox 166 1867 304 1931; x_wconf 89' lang='lat' dir='ltr'>Paulum</span> <span class='ocrx_word' id='word_1_122' title='bbox 323 1870 491 1932; x_wconf 92' lang='lat' dir='ltr'>continuos</span> <span class='ocrx_word' id='word_1_123' title='bbox 509 1868 669 1953; x_wconf 89' lang='lat' dir='ltr'>spondeos</span> <span class='ocrx_word' id='word_1_124' title='bbox 685 1869 792 1931; x_wconf 90' lang='lat' dir='ltr'>locum</span> <span class='ocrx_word' id='word_1_125' title='bbox 808 1868 932 1931; x_wconf 91' lang='lat' dir='ltr'>babere</span> <span class='ocrx_word' id='word_1_126' title='bbox 949 1868 1070 1952; x_wconf 91' lang='lat' dir='ltr'>nequit.</span> <span class='ocrx_word' id='word_1_127' title='bbox 1115 1864 1178 1930; x_wconf 88' lang='lat' dir='ltr'>Illa</span> <span class='ocrx_word' id='word_1_128' title='bbox 1194 1872 1307 1930; x_wconf 89' lang='lat' dir='ltr'>autem</span> 
     </span>
     <span class='ocr_line' id='line_1_16' title="bbox 165 1972 1305 2059; baseline 0.002 -25"><span class='ocrx_word' id='word_1_129' title='bbox 165 1973 347 2057; x_wconf 89' lang='lat' dir='ltr'>productio,</span> <span class='ocrx_word' id='word_1_130' title='bbox 364 1975 511 2057; x_wconf 85' lang='lat' dir='ltr'>quamvis</span> <span class='ocrx_word' id='word_1_131' title='bbox 536 1975 566 2038; x_wconf 89' lang='lat' dir='ltr'>ei</span> <span class='ocrx_word' id='word_1_132' title='bbox 583 1973 718 2038; x_wconf 90' lang='lat' dir='ltr'>secundi</span> <span class='ocrx_word' id='word_1_133' title='bbox 734 1973 827 2058; x_wconf 93' lang='lat' dir='ltr'>pedis</span> <span class='ocrx_word' id='word_1_134' title='bbox 844 1973 947 2037; x_wconf 90' lang='lat' dir='ltr'>thesis</span> <span class='ocrx_word' id='word_1_135' title='bbox 964 1980 1085 2059; x_wconf 89' lang='lat' dir='ltr'>pateat,</span> <span class='ocrx_word' id='word_1_136' title='bbox 1107 1975 1140 2036; x_wconf 92' lang='lat' dir='ltr'>in</span> <span class='ocrx_word' id='word_1_137' title='bbox 1157 1972 1305 2058; x_wconf 90' lang='lat' dir='ltr'>descrip-</span> 
     </span>
     <span class='ocr_line' id='line_1_17' title="bbox 167 2076 1307 2163; baseline -0.001 -24"><span class='ocrx_word' id='word_1_138' title='bbox 167 2076 265 2140; x_wconf 90' lang='lat' dir='ltr'>tionis</span> <span class='ocrx_word' id='word_1_139' title='bbox 288 2078 438 2142; x_wconf 85' lang='lat' dir='ltr'>versibus</span> <span class='ocrx_word' id='word_1_140' title='bbox 461 2100 525 2142; x_wconf 90' lang='lat' dir='ltr'>uon</span> <span class='ocrx_word' id='word_1_141' title='bbox 542 2079 707 2143; x_wconf 83' lang='lat' dir='ltr'>invenitur</span> <span class='ocrx_word' id='word_1_142' title='bbox 730 2078 784 2163; x_wconf 85' lang='lat' dir='ltr'>(of.</span> <span class='ocrx_word' id='word_1_143' title='bbox 802 2099 885 2163; x_wconf 93' lang='lat' dir='ltr'>quac</span> <span class='ocrx_word' id='word_1_144' title='bbox 903 2079 970 2142; x_wconf 85' lang='lat' dir='ltr'>dixi</span> <span class='ocrx_word' id='word_1_145' title='bbox 993 2079 1033 2142; x_wconf 93' lang='lat' dir='ltr'>de</span> <span class='ocrx_word' id='word_1_146' title='bbox 1051 2079 1152 2142; x_wconf 87' lang='lat' dir='ltr'>vitata</span> <span class='ocrx_word' id='word_1_147' title='bbox 1177 2078 1209 2140; x_wconf 93' lang='lat' dir='ltr'>in</span> <span class='ocrx_word' id='word_1_148' title='bbox 1232 2078 1307 2139; x_wconf 92' lang='lat' dir='ltr'>uni-</span> 
     </span>
     <span class='ocr_line' id='line_1_18' title="bbox 167 2180 1307 2266; baseline 0.003 -25"><span class='ocrx_word' id='word_1_149' title='bbox 167 2200 297 2242; x_wconf 88' lang='lat' dir='ltr'>versum</span> <span class='ocrx_word' id='word_1_150' title='bbox 314 2180 419 2244; x_wconf 88' lang='lat' dir='ltr'>altera</span> <span class='ocrx_word' id='word_1_151' title='bbox 437 2182 576 2245; x_wconf 90' lang='lat' dir='ltr'>diaeresi</span> <span class='ocrx_word' id='word_1_152' title='bbox 598 2205 630 2266; x_wconf 86' lang='lat' dir='ltr'>p.</span> <span class='ocrx_word' id='word_1_153' title='bbox 647 2185 687 2244; x_wconf 82' lang='lat'>47</span> <span class='ocrx_word' id='word_1_154' title='bbox 704 2202 749 2265; x_wconf 92' lang='lat' dir='ltr'>sq.</span> <span class='ocrx_word' id='word_1_155' title='bbox 775 2187 808 2244; x_wconf 92' lang='lat' dir='ltr'>et</span> <span class='ocrx_word' id='word_1_156' title='bbox 831 2185 871 2245; x_wconf 86' lang='lat'>50</span> <span class='ocrx_word' id='word_1_157' title='bbox 888 2183 966 2266; x_wconf 77' lang='lat' dir='ltr'>sq.);</span> <span class='ocrx_word' id='word_1_158' title='bbox 990 2188 1123 2266; x_wconf 86' lang='lat' dir='ltr'>quartus</span> <span class='ocrx_word' id='word_1_159' title='bbox 1147 2203 1207 2266; x_wconf 92' lang='lat' dir='ltr'>pes</span> <span class='ocrx_word' id='word_1_160' title='bbox 1233 2202 1307 2244; x_wconf 88' lang='lat' dir='ltr'>eam</span> 
     </span>
     <span class='ocr_line' id='line_1_19' title="bbox 166 2282 1308 2370; baseline 0.002 -26"><span class='ocrx_word' id='word_1_161' title='bbox 166 2303 231 2345; x_wconf 90' lang='lat' dir='ltr'>non</span> <span class='ocrx_word' id='word_1_162' title='bbox 257 2282 407 2365; x_wconf 85' lang='lat' dir='ltr'>exhibet,</span> <span class='ocrx_word' id='word_1_163' title='bbox 431 2285 506 2369; x_wconf 90' lang='lat' dir='ltr'>quia</span> <span class='ocrx_word' id='word_1_164' title='bbox 531 2306 708 2370; x_wconf 88' lang='lat' dir='ltr'>numquam</span> <span class='ocrx_word' id='word_1_165' title='bbox 730 2285 763 2347; x_wconf 93' lang='lat' dir='ltr'>in</span> <span class='ocrx_word' id='word_1_166' title='bbox 786 2285 872 2348; x_wconf 92' lang='lat' dir='ltr'>thesi</span> <span class='ocrx_word' id='word_1_167' title='bbox 896 2286 1067 2349; x_wconf 90' lang='lat' dir='ltr'>confinium</span> <span class='ocrx_word' id='word_1_168' title='bbox 1091 2284 1308 2369; x_wconf 90' lang='lat' dir='ltr'>spondaicum</span> 
     </span>
     <span class='ocr_line' id='line_1_20' title="bbox 170 2387 518 2473; baseline 0.006 -24"><span class='ocrx_word' id='word_1_169' title='bbox 170 2387 302 2450; x_wconf 86' lang='lat' dir='ltr'>admisit</span> <span class='ocrx_word' id='word_1_170' title='bbox 325 2387 379 2471; x_wconf 85' lang='lat' dir='ltr'>(cf.</span> <span class='ocrx_word' id='word_1_171' title='bbox 402 2410 434 2473; x_wconf 90' lang='lat' dir='ltr'>p.</span> <span class='ocrx_word' id='word_1_172' title='bbox 453 2390 518 2472; x_wconf 81' lang='lat'>51).</span> 
     </span>
    </p>

    <p class='ocr_par' dir='ltr' id='par_1_6' title="bbox 157 2507 1309 4458">
     <span class='ocr_line' id='line_1_21' title="bbox 254 2507 1309 2594; baseline 0 -24"><span class='ocrx_word' id='word_1_173' title='bbox 254 2507 318 2571; x_wconf 91' lang='lat' dir='ltr'>His</span> <span class='ocrx_word' id='word_1_174' title='bbox 349 2509 448 2593; x_wconf 85' lang='lat' dir='ltr'>igitur</span> <span class='ocrx_word' id='word_1_175' title='bbox 477 2531 519 2573; x_wconf 90' lang='lat' dir='ltr'>ex</span> <span class='ocrx_word' id='word_1_176' title='bbox 549 2509 694 2588; x_wconf 87' lang='lat' dir='ltr'>tabellis,</span> <span class='ocrx_word' id='word_1_177' title='bbox 728 2511 762 2572; x_wconf 91' lang='lat' dir='ltr'>in</span> <span class='ocrx_word' id='word_1_178' title='bbox 792 2531 872 2594; x_wconf 90' lang='lat' dir='ltr'>quas</span> <span class='ocrx_word' id='word_1_179' title='bbox 904 2529 1018 2572; x_wconf 90' lang='lat' dir='ltr'>omnes</span> <span class='ocrx_word' id='word_1_180' title='bbox 1049 2513 1204 2592; x_wconf 87' lang='lat' dir='ltr'>receptae</span> <span class='ocrx_word' id='word_1_181' title='bbox 1230 2513 1309 2570; x_wconf 88' lang='lat' dir='ltr'>sunt</span> 
     </span>
     <span class='ocr_line' id='line_1_22' title="bbox 167 2611 1307 2697; baseline 0.001 -24"><span class='ocrx_word' id='word_1_182' title='bbox 167 2611 400 2695; x_wconf 88' lang='lat' dir='ltr'>productiones</span> <span class='ocrx_word' id='word_1_183' title='bbox 431 2612 632 2697; x_wconf 87' lang='lat' dir='ltr'>syllabarum</span> <span class='ocrx_word' id='word_1_184' title='bbox 663 2613 827 2693; x_wconf 89' lang='lat' dir='ltr'>finalium,</span> <span class='ocrx_word' id='word_1_185' title='bbox 850 2612 938 2676; x_wconf 92' lang='lat' dir='ltr'>idem</span> <span class='ocrx_word' id='word_1_186' title='bbox 962 2612 1002 2675; x_wconf 92' lang='lat' dir='ltr'>de</span> <span class='ocrx_word' id='word_1_187' title='bbox 1026 2611 1129 2674; x_wconf 93' lang='lat' dir='ltr'>Paulo</span> <span class='ocrx_word' id='word_1_188' title='bbox 1153 2618 1307 2695; x_wconf 89' lang='lat' dir='ltr'>apparet,</span> 
     </span>
     <span class='ocr_line' id='line_1_23' title="bbox 166 2714 1307 2802; baseline -0.001 -25"><span class='ocrx_word' id='word_1_189' title='bbox 166 2714 252 2798; x_wconf 93' lang='lat' dir='ltr'>quod</span> <span class='ocrx_word' id='word_1_190' title='bbox 275 2714 540 2800; x_wconf 89' lang='lat' dir='ltr'>Baumgartenus</span> <span class='ocrx_word' id='word_1_191' title='bbox 569 2719 614 2802; x_wconf 85' lang='lat' dir='ltr'>(p.</span> <span class='ocrx_word' id='word_1_192' title='bbox 635 2719 689 2797; x_wconf 80' lang='lat'>43)</span> <span class='ocrx_word' id='word_1_193' title='bbox 718 2716 758 2779; x_wconf 90' lang='lat' dir='ltr'>de</span> <span class='ocrx_word' id='word_1_194' title='bbox 791 2715 1003 2779; x_wconf 79' lang='lat' dir='ltr'>Christodoro</span> <span class='ocrx_word' id='word_1_195' title='bbox 1037 2715 1167 2778; x_wconf 90' lang='lat' dir='ltr'>statuit:</span> <span class='ocrx_word' id='word_1_196' title='bbox 1199 2715 1307 2777; x_wconf 89' lang='lat' dir='ltr'>Multo</span> 
     </span>
     <span class='ocr_line' id='line_1_24' title="bbox 167 2818 1309 2905; baseline 0 -25"><span class='ocrx_word' id='word_1_197' title='bbox 167 2819 298 2903; x_wconf 89' lang='lat' dir='ltr'>saepius</span> <span class='ocrx_word' id='word_1_198' title='bbox 323 2841 342 2882; x_wconf 89' lang='lat' dir='ltr'>a</span> <span class='ocrx_word' id='word_1_199' title='bbox 365 2820 481 2883; x_wconf 89' lang='lat' dir='ltr'>Nonno</span> <span class='ocrx_word' id='word_1_200' title='bbox 512 2820 646 2903; x_wconf 86' lang='lat' dir='ltr'>eiusque</span> <span class='ocrx_word' id='word_1_201' title='bbox 678 2819 846 2905; x_wconf 88' lang='lat' dir='ltr'>discipulis</span> <span class='ocrx_word' id='word_1_202' title='bbox 876 2819 1021 2904; x_wconf 86' lang='lat' dir='ltr'>syllabae</span> <span class='ocrx_word' id='word_1_203' title='bbox 1050 2818 1163 2881; x_wconf 87' lang='lat' dir='ltr'>finales</span> <span class='ocrx_word' id='word_1_204' title='bbox 1187 2823 1309 2880; x_wconf 88' lang='lat' dir='ltr'>natura</span> 
     </span>
     <span class='ocr_line' id='line_1_25' title="bbox 165 2921 1309 3009; baseline 0 -25"><span class='ocrx_word' id='word_1_205' title='bbox 165 2922 282 3007; x_wconf 87' lang='lat' dir='ltr'>longae</span> <span class='ocrx_word' id='word_1_206' title='bbox 299 2929 475 3009; x_wconf 90' lang='lat' dir='ltr'>usurpatae</span> <span class='ocrx_word' id='word_1_207' title='bbox 492 2930 577 3005; x_wconf 90' lang='lat' dir='ltr'>suut,</span> <span class='ocrx_word' id='word_1_208' title='bbox 594 2945 690 3008; x_wconf 90' lang='lat' dir='ltr'>quam</span> <span class='ocrx_word' id='word_1_209' title='bbox 707 2925 869 3009; x_wconf 91' lang='lat' dir='ltr'>positione</span> <span class='ocrx_word' id='word_1_210' title='bbox 886 2923 1076 3009; x_wconf 87' lang='lat' dir='ltr'>productae.</span> <span class='ocrx_word' id='word_1_211' title='bbox 1113 2921 1180 2985; x_wconf 82' lang='lat' dir='ltr'>Sed</span> <span class='ocrx_word' id='word_1_212' title='bbox 1192 2942 1309 3004; x_wconf 92' lang='lat' dir='ltr'>quam-</span> 
     </span>
     <span class='ocr_line' id='line_1_26' title="bbox 166 3027 1308 3112; baseline 0.001 -23"><span class='ocrx_word' id='word_1_213' title='bbox 166 3047 263 3110; x_wconf 90' lang='lat' dir='ltr'>quam</span> <span class='ocrx_word' id='word_1_214' title='bbox 296 3048 354 3091; x_wconf 88' lang='lat' dir='ltr'>suo</span> <span class='ocrx_word' id='word_1_215' title='bbox 389 3028 459 3091; x_wconf 88' lang='lat' dir='ltr'>iure</span> <span class='ocrx_word' id='word_1_216' title='bbox 492 3027 655 3112; x_wconf 87' lang='lat' dir='ltr'>Hilbergii</span> <span class='ocrx_word' id='word_1_217' title='bbox 691 3028 795 3091; x_wconf 91' lang='lat' dir='ltr'>varias</span> <span class='ocrx_word' id='word_1_218' title='bbox 828 3028 920 3111; x_wconf 85' lang='lat' dir='ltr'>leges</span> <span class='ocrx_word' id='word_1_219' title='bbox 957 3028 989 3089; x_wconf 92' lang='lat' dir='ltr'>in</span> <span class='ocrx_word' id='word_1_220' title='bbox 1028 3046 1125 3088; x_wconf 90' lang='lat' dir='ltr'>unam</span> <span class='ocrx_word' id='word_1_221' title='bbox 1154 3034 1308 3090; x_wconf 87' lang='lat' dir='ltr'>coartare</span> 
     </span>
     <span class='ocr_line' id='line_1_27' title="bbox 166 3128 1307 3214; baseline 0.002 -23"><span class='ocrx_word' id='word_1_222' title='bbox 166 3136 301 3193; x_wconf 90' lang='lat' dir='ltr'>conatus</span> <span class='ocrx_word' id='word_1_223' title='bbox 330 3136 381 3194; x_wconf 90' lang='lat' dir='ltr'>est</span> <span class='ocrx_word' id='word_1_224' title='bbox 410 3131 459 3194; x_wconf 87' lang='lat' dir='ltr'>vir</span> <span class='ocrx_word' id='word_1_225' title='bbox 482 3130 613 3211; x_wconf 89' lang='lat' dir='ltr'>doctus,</span> <span class='ocrx_word' id='word_1_226' title='bbox 643 3136 752 3197; x_wconf 88' lang='lat' dir='ltr'>tamen</span> <span class='ocrx_word' id='word_1_227' title='bbox 784 3130 985 3214; x_wconf 88' lang='lat' dir='ltr'>aliquantulo</span> <span class='ocrx_word' id='word_1_228' title='bbox 1017 3128 1207 3212; x_wconf 84' lang='lat' dir='ltr'>diligentius</span> <span class='ocrx_word' id='word_1_229' title='bbox 1232 3151 1307 3193; x_wconf 88' lang='lat' dir='ltr'>eam</span> 
     </span>
     <span class='ocr_line' id='line_1_28' title="bbox 166 3232 1308 3320; baseline 0 -23"><span class='ocrx_word' id='word_1_230' title='bbox 166 3236 411 3320; x_wconf 87' lang='lat' dir='ltr'>exprimendam</span> <span class='ocrx_word' id='word_1_231' title='bbox 441 3257 513 3300; x_wconf 88' lang='lat' dir='ltr'>esse</span> <span class='ocrx_word' id='word_1_232' title='bbox 542 3236 705 3301; x_wconf 80' lang='lat' dir='ltr'>existimo</span> <span class='ocrx_word' id='word_1_233' title='bbox 750 3235 835 3299; x_wconf 89' lang='lat' dir='ltr'>Nam</span> <span class='ocrx_word' id='word_1_234' title='bbox 870 3256 943 3298; x_wconf 85' lang='lat' dir='ltr'>cum</span> <span class='ocrx_word' id='word_1_235' title='bbox 978 3234 1084 3297; x_wconf 90' lang='lat' dir='ltr'>dicat:</span> <span class='ocrx_word' id='word_1_236' title='bbox 1118 3232 1308 3313; x_wconf 83' lang='lat' dir='ltr'>„Nonniani</span> 
     </span>
     <span class='ocr_line' id='line_1_29' title="bbox 165 3336 1307 3424; baseline -0.002 -22"><span class='ocrx_word' id='word_1_237' title='bbox 165 3340 282 3403; x_wconf 85' lang='lat' dir='ltr'>breves</span> <span class='ocrx_word' id='word_1_238' title='bbox 299 3339 442 3424; x_wconf 91' lang='lat' dir='ltr'>syllabas</span> <span class='ocrx_word' id='word_1_239' title='bbox 458 3339 583 3417; x_wconf 81' lang='lat' dir='ltr'>finales,</span> <span class='ocrx_word' id='word_1_240' title='bbox 607 3361 686 3424; x_wconf 90' lang='lat' dir='ltr'>quas</span> <span class='ocrx_word' id='word_1_241' title='bbox 710 3339 743 3401; x_wconf 92' lang='lat' dir='ltr'>in</span> <span class='ocrx_word' id='word_1_242' title='bbox 765 3338 830 3401; x_wconf 88' lang='lat' dir='ltr'>arsi</span> <span class='ocrx_word' id='word_1_243' title='bbox 854 3343 888 3401; x_wconf 91' lang='lat' dir='ltr'>et</span> <span class='ocrx_word' id='word_1_244' title='bbox 904 3338 1081 3423; x_wconf 87' lang='lat' dir='ltr'>spondaica</span> <span class='ocrx_word' id='word_1_245' title='bbox 1097 3336 1182 3400; x_wconf 87' lang='lat' dir='ltr'>thesi</span> <span class='ocrx_word' id='word_1_246' title='bbox 1199 3339 1307 3400; x_wconf 91' lang='lat' dir='ltr'>multo</span> 
     </span>
     <span class='ocr_line' id='line_1_30' title="bbox 165 3439 1309 3527; baseline -0.002 -23"><span class='ocrx_word' id='word_1_247' title='bbox 165 3443 268 3505; x_wconf 90' lang='lat' dir='ltr'>rarius</span> <span class='ocrx_word' id='word_1_248' title='bbox 297 3463 393 3527; x_wconf 93' lang='lat' dir='ltr'>quam</span> <span class='ocrx_word' id='word_1_249' title='bbox 420 3448 537 3507; x_wconf 88' lang='lat' dir='ltr'>natura</span> <span class='ocrx_word' id='word_1_250' title='bbox 566 3443 681 3527; x_wconf 86' lang='lat' dir='ltr'>longas</span> <span class='ocrx_word' id='word_1_251' title='bbox 711 3441 942 3520; x_wconf 85' lang='lat' dir='ltr'>admittebant,</span> <span class='ocrx_word' id='word_1_252' title='bbox 970 3441 1016 3505; x_wconf 83' lang='lat' dir='ltr'>ita</span> <span class='ocrx_word' id='word_1_253' title='bbox 1038 3439 1239 3526; x_wconf 87' lang='lat' dir='ltr'>pensabant,</span> <span class='ocrx_word' id='word_1_254' title='bbox 1270 3447 1309 3503; x_wconf 91' lang='lat' dir='ltr'>ut</span> 
     </span>
     <span class='ocr_line' id='line_1_31' title="bbox 164 3543 1307 3630; baseline -0.003 -22"><span class='ocrx_word' id='word_1_255' title='bbox 164 3566 342 3630; x_wconf 89' lang='lat' dir='ltr'>numquam</span> <span class='ocrx_word' id='word_1_256' title='bbox 366 3546 435 3609; x_wconf 86' lang='lat' dir='ltr'>fere</span> <span class='ocrx_word' id='word_1_257' title='bbox 458 3547 564 3609; x_wconf 91' lang='lat' dir='ltr'>vocali</span> <span class='ocrx_word' id='word_1_258' title='bbox 589 3545 697 3608; x_wconf 88' lang='lat' dir='ltr'>finitas</span> <span class='ocrx_word' id='word_1_259' title='bbox 720 3544 955 3628; x_wconf 85' lang='lat' dir='ltr'>producerent,</span> <span class='ocrx_word' id='word_1_260' title='bbox 979 3543 1112 3628; x_wconf 89' lang='lat' dir='ltr'>saepius</span> <span class='ocrx_word' id='word_1_261' title='bbox 1135 3543 1168 3606; x_wconf 93' lang='lat' dir='ltr'>in</span> <span class='ocrx_word' id='word_1_262' title='bbox 1191 3566 1228 3626; x_wconf 76' lang='lat' dir='ltr'>nr</span> <span class='ocrx_word' id='word_1_263' title='bbox 1252 3544 1307 3605; x_wconf 84' lang='lat' dir='ltr'>vel</span> 
     </span>
     <span class='ocr_line' id='line_1_32' title="bbox 166 3644 1309 3735; baseline -0.004 -22"><span class='ocrx_word' id='word_1_264' title='bbox 166 3672 197 3713; x_wconf 88' lang='grc' dir='ltr'>οι</span> <span class='ocrx_word' id='word_1_265' title='bbox 228 3656 404 3728; x_wconf 86' lang='lat' dir='ltr'>exeuntes,</span> <span class='ocrx_word' id='word_1_266' title='bbox 433 3649 624 3735; x_wconf 89' lang='lat' dir='ltr'>saepissime</span> <span class='ocrx_word' id='word_1_267' title='bbox 653 3669 727 3728; x_wconf 88' lang='lat' dir='ltr'>eas,</span> <span class='ocrx_word' id='word_1_268' title='bbox 763 3669 846 3733; x_wconf 89' lang='lat' dir='ltr'>quae</span> <span class='ocrx_word' id='word_1_269' title='bbox 881 3647 1073 3710; x_wconf 88' lang='lat' dir='ltr'>consonanti</span> <span class='ocrx_word' id='word_1_270' title='bbox 1101 3644 1309 3727; x_wconf 81' lang='lat' dir='ltr'>finirentur”,</span> 
     </span>
     <span class='ocr_line' id='line_1_33' title="bbox 164 3748 1309 3836; baseline -0.003 -21"><span class='ocrx_word' id='word_1_271' title='bbox 164 3753 245 3815; x_wconf 89' lang='lat' dir='ltr'>haec</span> <span class='ocrx_word' id='word_1_272' title='bbox 268 3754 324 3817; x_wconf 85' lang='lat' dir='ltr'>lex</span> <span class='ocrx_word' id='word_1_273' title='bbox 347 3754 440 3816; x_wconf 89' lang='lat' dir='ltr'>nimis</span> <span class='ocrx_word' id='word_1_274' title='bbox 464 3774 549 3836; x_wconf 87' lang='lat' dir='ltr'>vaga</span> <span class='ocrx_word' id='word_1_275' title='bbox 572 3752 650 3814; x_wconf 90' lang='lat' dir='ltr'>mibi</span> <span class='ocrx_word' id='word_1_276' title='bbox 667 3751 798 3836; x_wconf 92' lang='lat' dir='ltr'>quidem</span> <span class='ocrx_word' id='word_1_277' title='bbox 816 3751 952 3814; x_wconf 84' lang='lat' dir='ltr'>ridetur.</span> <span class='ocrx_word' id='word_1_278' title='bbox 997 3749 1053 3812; x_wconf 88' lang='lat' dir='ltr'>Nil</span> <span class='ocrx_word' id='word_1_279' title='bbox 1077 3750 1164 3813; x_wconf 89' lang='lat' dir='ltr'>enim</span> <span class='ocrx_word' id='word_1_280' title='bbox 1184 3748 1309 3814; x_wconf 91' lang='lat' dir='ltr'>dicitur</span> 
     </span>
     <span class='ocr_line' id='line_1_34' title="bbox 166 3854 1307 3942; baseline -0.004 -22"><span class='ocrx_word' id='word_1_281' title='bbox 166 3858 205 3920; x_wconf 90' lang='lat' dir='ltr'>de</span> <span class='ocrx_word' id='word_1_282' title='bbox 234 3857 531 3942; x_wconf 88' lang='lat' dir='ltr'>monosyllaborum</span> <span class='ocrx_word' id='word_1_283' title='bbox 561 3877 623 3919; x_wconf 91' lang='lat' dir='ltr'>usu</span> <span class='ocrx_word' id='word_1_284' title='bbox 649 3855 820 3928; x_wconf 87' lang='lat' dir='ltr'>liberiore;</span> <span class='ocrx_word' id='word_1_285' title='bbox 852 3860 1026 3938; x_wconf 88' lang='lat' dir='ltr'>praeterea</span> <span class='ocrx_word' id='word_1_286' title='bbox 1052 3854 1214 3917; x_wconf 86' lang='lat' dir='ltr'>interesse</span> <span class='ocrx_word' id='word_1_287' title='bbox 1242 3854 1307 3916; x_wconf 90' lang='lat' dir='ltr'>ali-</span> 
     </span>
     <span class='ocr_line' id='line_1_35' title="bbox 164 3956 1308 4044; baseline -0.003 -20"><span class='ocrx_word' id='word_1_288' title='bbox 164 3961 241 4044; x_wconf 93' lang='lat' dir='ltr'>quid</span> <span class='ocrx_word' id='word_1_289' title='bbox 265 3961 350 4026; x_wconf 90' lang='lat' dir='ltr'>intcr</span> <span class='ocrx_word' id='word_1_290' title='bbox 373 3961 461 4024; x_wconf 89' lang='lat' dir='ltr'>arsin</span> <span class='ocrx_word' id='word_1_291' title='bbox 485 3966 518 4025; x_wconf 92' lang='lat' dir='ltr'>et</span> <span class='ocrx_word' id='word_1_292' title='bbox 534 3960 643 4026; x_wconf 92' lang='lat' dir='ltr'>thesin</span> <span class='ocrx_word' id='word_1_293' title='bbox 659 3959 856 4023; x_wconf 89' lang='lat' dir='ltr'>concedetis.</span> <span class='ocrx_word' id='word_1_294' title='bbox 901 3957 1023 4042; x_wconf 89' lang='lat' dir='ltr'>Itaque</span> <span class='ocrx_word' id='word_1_295' title='bbox 1046 3957 1086 4021; x_wconf 90' lang='lat' dir='ltr'>de</span> <span class='ocrx_word' id='word_1_296' title='bbox 1103 3956 1208 4023; x_wconf 92' lang='lat' dir='ltr'>Paulo</span> <span class='ocrx_word' id='word_1_297' title='bbox 1234 3958 1308 4041; x_wconf 93' lang='lat' dir='ltr'>qui-</span> 
     </span>
     <span class='ocr_line' id='line_1_36' title="bbox 165 4061 1309 4148; baseline -0.002 -21"><span class='ocrx_word' id='word_1_298' title='bbox 165 4065 238 4127; x_wconf 93' lang='lat' dir='ltr'>dem</span> <span class='ocrx_word' id='word_1_299' title='bbox 268 4065 455 4129; x_wconf 81' lang='lat' dir='ltr'>Silentiario</span> <span class='ocrx_word' id='word_1_300' title='bbox 489 4066 573 4129; x_wconf 91' lang='lat' dir='ltr'>bane</span> <span class='ocrx_word' id='word_1_301' title='bbox 596 4066 704 4148; x_wconf 86' lang='lat' dir='ltr'>legem</span> <span class='ocrx_word' id='word_1_302' title='bbox 737 4063 876 4127; x_wconf 88' lang='lat' dir='ltr'>condere</span> <span class='ocrx_word' id='word_1_303' title='bbox 909 4063 1010 4142; x_wconf 87' lang='lat' dir='ltr'>malo,</span> <span class='ocrx_word' id='word_1_304' title='bbox 1045 4082 1143 4145; x_wconf 88' lang='lat' dir='ltr'>quam</span> <span class='ocrx_word' id='word_1_305' title='bbox 1176 4061 1309 4126; x_wconf 88' lang='lat' dir='ltr'>etiamsi</span> 
     </span>
     <span class='ocr_line' id='line_1_37' title="bbox 165 4163 1308 4254; baseline -0.001 -24"><span class='ocrx_word' id='word_1_306' title='bbox 165 4169 270 4231; x_wconf 90' lang='lat' dir='ltr'>minus</span> <span class='ocrx_word' id='word_1_307' title='bbox 316 4169 494 4254; x_wconf 89' lang='lat' dir='ltr'>simplicem</span> <span class='ocrx_word' id='word_1_308' title='bbox 538 4191 611 4233; x_wconf 89' lang='lat' dir='ltr'>esse</span> <span class='ocrx_word' id='word_1_309' title='bbox 651 4189 748 4252; x_wconf 90' lang='lat' dir='ltr'>quam</span> <span class='ocrx_word' id='word_1_310' title='bbox 793 4165 1027 4249; x_wconf 84' lang='lat' dir='ltr'>Baumgarteni</span> <span class='ocrx_word' id='word_1_311' title='bbox 1054 4164 1141 4227; x_wconf 91' lang='lat' dir='ltr'>haud</span> <span class='ocrx_word' id='word_1_312' title='bbox 1177 4163 1308 4248; x_wconf 84' lang='lat' dir='ltr'>ignoro,</span> 
     </span>
     <span class='ocr_line' id='line_1_38' title="bbox 163 4267 1307 4354; baseline -0.003 -19"><span class='ocrx_word' id='word_1_313' title='bbox 163 4277 274 4336; x_wconf 91' lang='lat' dir='ltr'>tamen</span> <span class='ocrx_word' id='word_1_314' title='bbox 298 4273 483 4340; x_wconf 88' lang='lat' dir='ltr'>accuratius</span> <span class='ocrx_word' id='word_1_315' title='bbox 504 4293 653 4336; x_wconf 84' lang='lat' dir='ltr'>severum</span> <span class='ocrx_word' id='word_1_316' title='bbox 682 4272 778 4339; x_wconf 89' lang='lat' dir='ltr'>huius</span> <span class='ocrx_word' id='word_1_317' title='bbox 801 4275 917 4354; x_wconf 83' lang='lat' dir='ltr'>poetae</span> <span class='ocrx_word' id='word_1_318' title='bbox 944 4289 1039 4332; x_wconf 92' lang='lat' dir='ltr'>usum</span> <span class='ocrx_word' id='word_1_319' title='bbox 1063 4267 1307 4352; x_wconf 88' lang='lat' dir='ltr'>descripturam</span> 
     </span>
     <span class='ocr_line' id='line_1_39' title="bbox 157 4395 368 4458; baseline 0.019 -20"><span class='ocrx_word' id='word_1_320' title='bbox 157 4396 233 4439; x_wconf 87' lang='lat' dir='ltr'>esse</span> <span class='ocrx_word' id='word_1_321' title='bbox 254 4395 368 4458; x_wconf 82' lang='lat' dir='ltr'>spero..</span> 
     </span>
    </p>
   </div>
   <div class='ocr_carea' id='block_1_6' title="bbox 0 0 1394 4724">
    <p class='ocr_par' dir='ltr' id='par_1_7' title="bbox 0 0 1394 4724">
     <span class='ocr_line' id='line_1_40' title="bbox 0 0 1394 4724; baseline 0 0"><span class='ocrx_word' id='word_1_322' title='bbox 0 0 1394 4724; x_wconf 95' lang='lat' dir='ltr'> </span> 
     </span>
    </p>
   </div>
  </div>
 </body>
</html>
