2774 4724
586 288 777 355 ..γ’-

115 474 214 552 atquc
231 467 442 544 humanitate,
457 465 522 529 tale
536 487 655 530 munus
670 465 858 529 mandatum
872 470 930 528 est.
975 465 1060 528 Nam
1073 465 1259 544 eruditione

116 593 243 655 quoquc
287 591 359 633 eum
397 571 602 655 praestitisse
637 572 722 634 inter
756 569 911 654 aequales
943 567 1107 652 Agathiae
1145 570 1255 635 verbis

115 670 204 758 ὅμως
219 669 362 740 παιδεία
378 697 412 759 γε
424 666 581 760 αὐτῷκαὶ
594 669 697 760 λόγων
711 666 847 758 ἄσκησις
860 666 1102 737 διεσπούδαστο
1119 673 1254 738 demon-

116 785 247 841 stratur.
302 777 391 850 Quas
421 776 534 840 laudes
565 777 687 866 optima
716 776 780 840 fide
810 775 915 839 dictas
945 796 1018 839 esse
1056 797 1152 840 nemo
1184 778 1255 857 erit,

117 882 171 966 qui
195 885 303 963 neget.
349 877 554 963 Quamquam
579 901 598 942 a
622 879 802 943 Niebuhrio
825 878 913 942 haud
945 878 1117 960 dissentio,
1141 881 1195 964 qui
1223 882 1256 943 in

117 982 391 1052 commentatione
421 980 461 1045 de
494 981 561 1043 vita
583 981 747 1064 Agathiae
777 982 912 1066 eiusque
946 981 1091 1045 historiis
1121 983 1256 1046 editioni

116 1087 285 1150 Bonnensi
317 1079 454 1149 ¹adiecta
493 1084 603 1148 docuit
636 1085 814 1169 Agathiam
848 1086 1069 1170 potentiorum
1116 1088 1256 1162 virorum

118 1192 261 1254 favorem
283 1194 479 1272 aucupatum
505 1209 579 1252 esse
604 1209 653 1268 eo,
677 1188 762 1273 quod
780 1210 893 1252 eorum
910 1190 1056 1253 carmina
1078 1191 1203 1275 recepit
1224 1193 1256 1254 in

118 1294 355 1376 anthologiam,
384 1313 480 1375 quam
511 1293 589 1355 fecit
604 1292 765 1356 collectis
789 1293 976 1377 aequalium
1000 1295 1256 1380 epigrammatis.

119 1397 193 1477 „Ex
209 1397 258 1458 his
272 1395 411 1459 Paulum
427 1393 580 1458 laudibus
597 1416 662 1458 non
680 1395 850 1460 immeritis
866 1397 994 1460 extollit
1011 1402 1109 1480 atque
1129 1398 1256 1461 clientis

120 1500 236 1563 officiis
262 1499 395 1562 comiter
419 1497 526 1561 colere
549 1497 709 1562 videtur.“
902 1484 905 1488 .

208 1602 271 1666 Sed
296 1602 376 1665 haec
399 1601 471 1686 ipsa
494 1601 604 1683 verba,
629 1602 669 1664 ad
694 1623 777 1687 quae
802 1602 1004 1666 Niebuhrius
1028 1603 1182 1668 hocloco
1205 1625 1256 1668 re·
1344 1590 1346 1593 ¹

122 1708 232 1792 spicit,
264 1705 398 1770 anobis
421 1704 518 1767 modo
542 1704 675 1768 laudata
696 1711 771 1790 post
793 1711 932 1771 mortem
955 1705 1051 1770 Pauli
1074 1707 1160 1770 dicta
1184 1729 1257 1772 esse
1357 1740 1362 1785 ,ι

120 1816 264 1884 constat;
290 1807 375 1893 quod
399 1814 435 1870 οῖ
459 1807 692 1871 concludamus
717 1795 759 1872 eir
783 1808 947 1893 Agathiae
971 1810 1137 1891 laudibus,
1162 1833 1257 1896 prae-

119 1916 225 1979 teritis
248 1905 337 1998 qdqcc
362 1918 394 1976 et
417 1906 606 1995 ἐσεμνύνετο
639 1912 792 1976 adhibitis
823 1913 1014 1978 inducimur.
1060 1914 1130 1979 Nec
1154 1916 1259 1978 minus

121 2042 163 2083 ex
177 2018 339 2081 sententia
351 2016 391 2080 de
400 2016 561 2101 poematis
569 2016 663 2079 Pauli
675 2017 1020 2102 prolataperspicuum
1031 2024 1259 2083 estnumerum

121 2126 314 2203 carminum,
344 2143 426 2207 quae
450 2122 573 2185 Paulus
603 2122 749 2207 scripsit,
779 2127 856 2186 tunc
879 2124 943 2185 iam
967 2143 1040 2187 esse
1064 2122 1259 2188 absolutum.

121 2228 237 2311 Itaque
279 2248 321 2290 ex
360 2225 410 2288 his
449 2223 614 2308 Agathiae
656 2225 765 2289 verbis
812 2225 933 2310 aliquid
972 2227 1053 2291 certi
1087 2227 1260 2291 adsumere

124 2350 297 2415 possumus
333 2328 372 2391 dc
401 2328 496 2391 Pauli
531 2334 651 2402 morte;
687 2349 761 2390 nam
796 2340 929 2415 poetam
964 2330 1152 2394 defunctum
1187 2352 1260 2395 esse

122 2440 260 2518 oportet,
278 2439 452 2517 antequam
469 2431 630 2516 Agathias
648 2431 730 2496 haec
748 2433 888 2519 scripsit.
934 2434 1122 2498 Terminum
1141 2443 1260 2514 autem,

122 2544 198 2602 ante
223 2559 319 2622 quem
335 2537 424 2599 illum
443 2537 612 2620 scripsisse
628 2558 766 2601 necesse
791 2543 853 2618 est,
870 2533 1080 2618 Niebuhrius,
1105 2559 1168 2622 qua
1192 2543 1261 2602 erat

123 2643 314 2726 sagacitate,
339 2647 426 2703 recte
454 2641 644 2704 enucleasse
674 2640 752 2704 mihi
774 2641 913 2705 videtur.
958 2640 1136 2705 Mauricius
1162 2642 1259 2722 enim,

124 2747 178 2831 qui
202 2767 286 2808 anno
311 2767 342 2828 p.
367 2743 441 2806 ehr.
464 2766 495 2829 n.
514 2746 575 2807 582
599 2744 770 2829 imperium
794 2744 1012 2828 Byzantinum
1036 2744 1175 2830 adeptus
1200 2751 1259 2826 cst,
1316 2754 1330 2843 p

124 2849 209 2934 apud
231 2847 352 2932 Agath.
365 2847 412 2910 IV
422 2850 462 2911 29
478 2871 509 2932 p.
523 2850 622 2928 272,3
648 2849 750 2912 semel
771 2847 928 2933 magister
954 2848 1100 2932 equitum·
1118 2848 1256 2912 oriente·
1314 2846 1317 2880 ³

124 2956 204 3018 lium
229 2952 415 3037 appellatur
438 2951 568 3014 omnino
592 2973 658 3015 non
674 2957 927 3016 commemorata
944 2973 1069 3014 summa
1086 2950 1261 3035 dignitate;

125 3079 189 3143 qua
206 3079 248 3119 cx
271 3077 306 3118 re
330 3054 727 3139 cognosciturAgathiam
745 3060 820 3118 ante
838 3054 922 3118 hunc
946 3075 1064 3117 annum
1081 3054 1182 3118 verba
1204 3056 1260 3119 illa

125 3160 307 3245 scripsisse.
360 3158 461 3221 Porro
495 3159 633 3243 scriptor
659 3150 861 3242 Byzantinus
893 3158 992 3222 etiam
1016 3163 1163 3222 mortuus
1187 3181 1261 3223 csse

126 3271 202 3329 ante
218 3264 305 3325 hunc
323 3282 442 3325 annum
457 3261 637 3326 Niebuhrio
653 3261 793 3341 videtur,
815 3262 891 3347 quia
908 3283 951 3326 ex
966 3261 1139 3327 Menandri
1154 3261 1262 3325 verbis

125 3367 213 3431 haud
241 3368 287 3429 ita
316 3366 400 3450 aptis
415 3364 439 3449 ¹)
474 3357 632 3452 ὡρμήθην
663 3362 722 3430 ἐπὶ
753 3359 849 3452 τήνδε
876 3360 1062 3453 ξυγγραφὴν
1092 3356 1262 3449 ἄρξασθαι

125 3466 208 3555 μετὰ
235 3466 294 3557 τὴν
316 3461 507 3552 tardiora
529 3465 690 3554 Ἀγοθίοο
713 3466 770 3533 καὶ
793 3469 852 3556 τῆς
876 3464 1025 3554 ἱστορίας
1046 3463 1262 3557 ποιήσασθαι

125 3571 184 3662 τὴν
207 3566 307 3661 ἀρχήν
330 3573 476 3656 intellegi
499 3573 605 3658 possit
627 3572 806 3658 Agathiam
828 3578 932 3636 morte
953 3572 1153 3656 prohibitum
1177 3593 1262 3652 esse,

127 3701 168 3743 ne
197 3679 350 3742 historias
380 3699 456 3740 suas
487 3676 527 3739 ad
555 3676 655 3740 finem
682 3675 888 3759 perduceret.
940 3675 1004 3740 Pro
1039 3682 1129 3740 ccrto
1154 3681 1263 3749 autem

127 3783 247 3846 scimus
276 3781 414 3844 Paulum
444 3787 519 3843 ante
547 3779 724 3864 Agathiam
754 3799 772 3841 e
799 3779 868 3842 vita
897 3778 1094 3845 decessisse.
1147 3779 1263 3864 ltaque

126 3888 182 3950 illc
207 3885 470 3948 fortasse‘etiam
494 3884 591 3967 paulo
616 3867 692 3947 ante
717 3883 857 3946 amicum
880 3888 1065 3964 natusest,
1090 3884 1110 3947 i.
1136 3888 1263 3969 eante
1313 3892 1316 3901 '

128 4011 248 4053 annum
281 4009 307 4052 c.
329 3990 406 4070 536,
442 4010 539 4074 quem
568 3986 976 4053 terminumNiebuhrius
1010 3988 1044 4049 in
1079 3987 1129 4051 ed.
1156 3974 1261 4051 Bohn.

128 4117 158 4178 p.
176 4092 259 4156 XIV
276 4113 318 4155 ex
335 4093 522 4155 coniectura
535 4091 698 4175 Agathiae
713 4090 841 4166 tribuit;
860 4089 917 4154 sed
933 4112 974 4155 ne
992 4091 1093 4154 multo
1106 4091 1264 4154 maiorem

127 4202 206 4260 natu
230 4201 360 4280 poetam
385 4202 531 4258 nostrum
554 4201 716 4280 putemus,
741 4195 975 4281 epigrammata
1002 4193 1032 4257 V
1053 4196 1116 4257 299
1145 4200 1178 4258 et
1201 4197 1263 4257 300

219 4422 238 4487 ¹)
258 4421 403 4490 leguntur
420 4419 489 4472 haec
507 4417 583 4489 apud
601 4417 721 4474 Suidam
739 4437 761 4474 s.
777 4436 808 4474 u.
828 4415 1007 4488 Μένανδρος.
