<?xml version="1.0" encoding="UTF-8"?>
<!DOCTYPE html PUBLIC "-//W3C//DTD XHTML 1.0 Transitional//EN"
    "http://www.w3.org/TR/xhtml1/DTD/xhtml1-transitional.dtd">
<html xmlns="http://www.w3.org/1999/xhtml" xml:lang="en" lang="en">
 <head>
  <title>
</title>
<meta http-equiv="Content-Type" content="text/html;charset=utf-8" />
  <meta name='ocr-system' content='tesseract 3.04.00' />
  <meta name='ocr-capabilities' content='ocr_page ocr_carea ocr_par ocr_line ocrx_word'/>
</head>
<body>
  <div class='ocr_page' id='page_1' title='image "./depaulosilentia00merigoog_0046.png"; bbox 0 0 2774 4724; ppageno 0'>
   <div class='ocr_carea' id='block_1_1' title="bbox 589 332 801 393">
    <p class='ocr_par' dir='ltr' id='par_1_1' title="bbox 589 332 801 393">
     <span class='ocr_line' id='line_1_1' title="bbox 589 332 801 393; baseline 0 -16"><span class='ocrx_word' id='word_1_1' title='bbox 589 332 801 393; x_wconf 79' lang='lat'>..37-</span> 
     </span>
    </p>
   </div>
   <div class='ocr_carea' id='block_1_2' title="bbox 120 492 1263 1516">
    <p class='ocr_par' dir='ltr' id='par_1_2' title="bbox 128 492 1263 789">
     <span class='ocr_line' id='line_1_2' title="bbox 128 492 1261 590; baseline -0.001 -25"><span class='ocrx_word' id='word_1_2' title='bbox 128 502 234 566; x_wconf 82' lang='grc'>11581</span> <span class='ocrx_word' id='word_1_3' title='bbox 259 521 342 586; x_wconf 90' lang='lat' dir='ltr'>sqq.:</span> <span class='ocrx_word' id='word_1_4' title='bbox 371 492 446 565; x_wconf 83' lang='grc' dir='ltr'><em>λιτὰ</em></span> <span class='ocrx_word' id='word_1_5' title='bbox 475 498 511 564; x_wconf 79' lang='grc' dir='ltr'>δὲ</span> <span class='ocrx_word' id='word_1_6' title='bbox 540 498 593 565; x_wconf 89' lang='grc' dir='ltr'><em>σοί</em></span> <span class='ocrx_word' id='word_1_7' title='bbox 621 498 676 564; x_wconf 89' lang='grc' dir='ltr'><em>καί</em></span> <span class='ocrx_word' id='word_1_8' title='bbox 701 494 811 586; x_wconf 79' lang='grc' dir='ltr'><em>δόρπα</em></span> <span class='ocrx_word' id='word_1_9' title='bbox 840 498 897 566; x_wconf 86' lang='grc' dir='ltr'><em>καί</em></span> <span class='ocrx_word' id='word_1_10' title='bbox 924 494 1099 590; x_wconf 81' lang='grc' dir='ltr'><em>ὄμφήεσοα</em></span> <span class='ocrx_word' id='word_1_11' title='bbox 1121 497 1261 588; x_wconf 75' lang='grc' dir='ltr'><em>μενοινή,</em></span> 
     </span>
     <span class='ocr_line' id='line_1_3' title="bbox 367 597 1263 691; baseline 0 -24"><span class='ocrx_word' id='word_1_12' title='bbox 367 598 442 667; x_wconf 82' lang='grc' dir='ltr'><em>λιτὰ</em></span> <span class='ocrx_word' id='word_1_13' title='bbox 454 601 491 668; x_wconf 80' lang='grc' dir='ltr'>δὲ</span> <span class='ocrx_word' id='word_1_14' title='bbox 502 601 556 668; x_wconf 88' lang='grc' dir='ltr'><em>σοὶ</em></span> <span class='ocrx_word' id='word_1_15' title='bbox 568 599 739 691; x_wconf 73' lang='grc' dir='ltr'><em>γλλεφάριον</em></span> <span class='ocrx_word' id='word_1_16' title='bbox 753 597 982 690; x_wconf 76' lang='grc' dir='ltr'><em>ἀμαρύγματα,</em></span> <span class='ocrx_word' id='word_1_17' title='bbox 995 599 1070 669; x_wconf 88' lang='grc' dir='ltr'><em>λιτά</em></span> <span class='ocrx_word' id='word_1_18' title='bbox 1088 602 1124 669; x_wconf 78' lang='grc' dir='ltr'>δὲ</span> <span class='ocrx_word' id='word_1_19' title='bbox 1134 605 1263 689; x_wconf 77' lang='grc' dir='ltr'><em>ταρσῶν</em></span> 
     </span>
     <span class='ocr_line' id='line_1_4' title="bbox 367 701 1203 789; baseline 0.001 -18"><span class='ocrx_word' id='word_1_20' title='bbox 367 701 456 788; x_wconf 73' lang='grc' dir='ltr'><em>ἰ’χνια</em></span> <span class='ocrx_word' id='word_1_21' title='bbox 479 707 545 771; x_wconf 88' lang='grc' dir='ltr'>σῶν</span> <span class='ocrx_word' id='word_1_22' title='bbox 567 705 623 772; x_wconf 90' lang='grc' dir='ltr'><em>καί</em></span> <span class='ocrx_word' id='word_1_23' title='bbox 648 703 738 774; x_wconf 81' lang='grc' dir='ltr'><em>λιτὸν</em></span> <span class='ocrx_word' id='word_1_24' title='bbox 761 703 843 786; x_wconf 75' lang='grc' dir='ltr'><em>ἔντος</em></span> <span class='ocrx_word' id='word_1_25' title='bbox 866 706 922 774; x_wconf 84' lang='grc' dir='ltr'><em>σ’έο</em></span> <span class='ocrx_word' id='word_1_26' title='bbox 944 703 1052 789; x_wconf 82' lang='grc' dir='ltr'><em>χείλεα</em></span> <span class='ocrx_word' id='word_1_27' title='bbox 1075 705 1203 772; x_wconf 79' lang='grc' dir='ltr'><em>πάλλει.</em></span> 
     </span>
    </p>

    <p class='ocr_par' dir='ltr' id='par_1_3' title="bbox 154 804 1200 1104">
     <span class='ocr_line' id='line_1_5' title="bbox 154 804 1139 900; baseline -0.003 -24"><span class='ocrx_word' id='word_1_28' title='bbox 154 813 188 876; x_wconf 94' lang='lat' dir='ltr'>ll</span> <span class='ocrx_word' id='word_1_29' title='bbox 204 815 266 876; x_wconf 84' lang='grc'>576</span> <span class='ocrx_word' id='word_1_30' title='bbox 283 833 345 897; x_wconf 89' lang='lat' dir='ltr'>sq.:</span> <span class='ocrx_word' id='word_1_31' title='bbox 369 813 461 896; x_wconf 84' lang='grc' dir='ltr'><em>χεῖρα</em></span> <span class='ocrx_word' id='word_1_32' title='bbox 485 806 691 897; x_wconf 79' lang='grc' dir='ltr'><em>δυσαντήτων</em></span> <span class='ocrx_word' id='word_1_33' title='bbox 714 807 883 900; x_wconf 82' lang='grc' dir='ltr'><em>έλατήριον</em></span> <span class='ocrx_word' id='word_1_34' title='bbox 906 804 1139 894; x_wconf 81' lang='grc' dir='ltr'><em>άμττλακιάιον,</em></span> 
     </span>
     <span class='ocr_line' id='line_1_6' title="bbox 366 908 1200 1001; baseline -0.004 -22"><span class='ocrx_word' id='word_1_35' title='bbox 366 917 459 996; x_wconf 86' lang='grc' dir='ltr'><em>χεῖρα</em></span> <span class='ocrx_word' id='word_1_36' title='bbox 481 910 747 980; x_wconf 81' lang='grc' dir='ltr'><em>λιποκτεάνοισιν</em></span> <span class='ocrx_word' id='word_1_37' title='bbox 769 912 925 1001; x_wconf 69' lang='grc' dir='ltr'><em>ἐπαρτέα,</em></span> <span class='ocrx_word' id='word_1_38' title='bbox 948 917 1040 999; x_wconf 83' lang='grc' dir='ltr'><em>χεῖρα</em></span> <span class='ocrx_word' id='word_1_39' title='bbox 1062 908 1200 1001; x_wconf 88' lang='grc' dir='ltr'><em>τιθήνην</em></span> 
     </span>
     <span class='ocr_line' id='line_1_7' title="bbox 368 1010 642 1104; baseline -0.007 -20"><span class='ocrx_word' id='word_1_40' title='bbox 368 1010 554 1104; x_wconf 78' lang='grc' dir='ltr'><em>ὀρφανικῶν</em></span> <span class='ocrx_word' id='word_1_41' title='bbox 575 1017 642 1083; x_wconf 87' lang='grc' dir='ltr'><em>κτλ.</em></span> 
     </span>
    </p>

    <p class='ocr_par' dir='ltr' id='par_1_4' title="bbox 124 1120 1260 1217">
     <span class='ocr_line' id='line_1_8' title="bbox 124 1120 1260 1217; baseline -0.004 -31"><span class='ocrx_word' id='word_1_42' title='bbox 124 1129 157 1186; x_wconf 87' lang='lat' dir='ltr'>ct</span> <span class='ocrx_word' id='word_1_43' title='bbox 173 1123 339 1207; x_wconf 80' lang='lat' dir='ltr'>11351sq.</span> <span class='ocrx_word' id='word_1_44' title='bbox 364 1123 425 1186; x_wconf 83' lang='grc'>518</span> <span class='ocrx_word' id='word_1_45' title='bbox 443 1143 489 1206; x_wconf 88' lang='lat' dir='ltr'>sq.</span> <span class='ocrx_word' id='word_1_46' title='bbox 515 1122 576 1184; x_wconf 79' lang='lat'>528</span> <span class='ocrx_word' id='word_1_47' title='bbox 590 1144 657 1207; x_wconf 94' lang='lat' dir='ltr'>sqq.</span> <span class='ocrx_word' id='word_1_48' title='bbox 677 1126 738 1185; x_wconf 87' lang='grc'>540</span> <span class='ocrx_word' id='word_1_49' title='bbox 753 1143 798 1206; x_wconf 91' lang='lat' dir='ltr'>sq.</span> <span class='ocrx_word' id='word_1_50' title='bbox 818 1124 880 1185; x_wconf 88' lang='grc'>559</span> <span class='ocrx_word' id='word_1_51' title='bbox 893 1144 961 1207; x_wconf 88' lang='lat' dir='ltr'>sqq.</span> <span class='ocrx_word' id='word_1_52' title='bbox 980 1128 1012 1186; x_wconf 88' lang='lat' dir='ltr'>et</span> <span class='ocrx_word' id='word_1_53' title='bbox 1027 1121 1155 1217; x_wconf 42' lang='lat' dir='ltr'>,multos</span> <span class='ocrx_word' id='word_1_54' title='bbox 1178 1120 1260 1183; x_wconf 89' lang='lat' dir='ltr'>alios</span> 
     </span>
    </p>

    <p class='ocr_par' dir='ltr' id='par_1_5' title="bbox 122 1224 1260 1310">
     <span class='ocr_line' id='line_1_9' title="bbox 122 1224 1260 1310; baseline -0.002 -20"><span class='ocrx_word' id='word_1_55' title='bbox 122 1247 247 1290; x_wconf 83' lang='lat' dir='ltr'>versus.</span> <span class='ocrx_word' id='word_1_56' title='bbox 302 1226 373 1288; x_wconf 90' lang='lat' dir='ltr'>Has</span> <span class='ocrx_word' id='word_1_57' title='bbox 405 1246 535 1310; x_wconf 91' lang='lat' dir='ltr'>quoque</span> <span class='ocrx_word' id='word_1_58' title='bbox 564 1225 686 1309; x_wconf 87' lang='lat' dir='ltr'>figuras</span> <span class='ocrx_word' id='word_1_59' title='bbox 717 1224 873 1307; x_wconf 83' lang='lat' dir='ltr'>adiciam,</span> <span class='ocrx_word' id='word_1_60' title='bbox 905 1246 985 1310; x_wconf 88' lang='lat' dir='ltr'>quas</span> <span class='ocrx_word' id='word_1_61' title='bbox 1010 1231 1098 1288; x_wconf 88' lang='lat' dir='ltr'>certo</span> <span class='ocrx_word' id='word_1_62' title='bbox 1123 1225 1260 1288; x_wconf 90' lang='lat' dir='ltr'>termino</span> 
     </span>
    </p>

    <p class='ocr_par' dir='ltr' id='par_1_6' title="bbox 120 1327 1259 1516">
     <span class='ocr_line' id='line_1_10' title="bbox 122 1327 1259 1415; baseline -0.003 -21"><span class='ocrx_word' id='word_1_63' title='bbox 122 1329 308 1415; x_wconf 87' lang='lat' dir='ltr'>significare</span> <span class='ocrx_word' id='word_1_64' title='bbox 331 1350 478 1414; x_wconf 87' lang='lat' dir='ltr'>nequoo;</span> <span class='ocrx_word' id='word_1_65' title='bbox 501 1329 548 1393; x_wconf 90' lang='lat' dir='ltr'>ita</span> <span class='ocrx_word' id='word_1_66' title='bbox 571 1348 629 1392; x_wconf 89' lang='lat' dir='ltr'>eae</span> <span class='ocrx_word' id='word_1_67' title='bbox 654 1327 850 1410; x_wconf 81' lang='lat' dir='ltr'>efficiuntur,</span> <span class='ocrx_word' id='word_1_68' title='bbox 873 1334 911 1392; x_wconf 93' lang='lat' dir='ltr'>ut</span> <span class='ocrx_word' id='word_1_69' title='bbox 933 1327 1029 1390; x_wconf 91' lang='lat' dir='ltr'>unius</span> <span class='ocrx_word' id='word_1_70' title='bbox 1048 1327 1259 1413; x_wconf 84' lang='lat' dir='ltr'>eiusdemque</span> 
     </span>
     <span class='ocr_line' id='line_1_11' title="bbox 120 1432 1007 1516; baseline -0.007 -17"><span class='ocrx_word' id='word_1_71' title='bbox 120 1435 274 1499; x_wconf 79' lang='lat' dir='ltr'>vocabuli</span> <span class='ocrx_word' id='word_1_72' title='bbox 298 1433 380 1497; x_wconf 84' lang='lat' dir='ltr'>varii</span> <span class='ocrx_word' id='word_1_73' title='bbox 403 1454 499 1497; x_wconf 88' lang='lat' dir='ltr'>casus</span> <span class='ocrx_word' id='word_1_74' title='bbox 524 1433 607 1496; x_wconf 88' lang='lat' dir='ltr'>alter</span> <span class='ocrx_word' id='word_1_75' title='bbox 631 1433 769 1496; x_wconf 90' lang='lat' dir='ltr'>alterum</span> <span class='ocrx_word' id='word_1_76' title='bbox 794 1432 947 1516; x_wconf 84' lang='lat' dir='ltr'>excipiat,</span> <span class='ocrx_word' id='word_1_77' title='bbox 971 1436 1007 1494; x_wconf 91' lang='lat' dir='ltr'>ut</span> 
     </span>
    </p>
   </div>
   <div class='ocr_carea' id='block_1_3' title="bbox 165 1544 1258 1639">
    <p class='ocr_par' dir='ltr' id='par_1_7' title="bbox 165 1544 1258 1639">
     <span class='ocr_line' id='line_1_12' title="bbox 165 1544 1258 1639; baseline -0.002 -21"><span class='ocrx_word' id='word_1_78' title='bbox 165 1554 275 1618; x_wconf 83' lang='lat'>1162:</span> <span class='ocrx_word' id='word_1_79' title='bbox 300 1551 357 1618; x_wconf 84' lang='grc' dir='ltr'><em>καὶ</em></span> <span class='ocrx_word' id='word_1_80' title='bbox 380 1546 524 1639; x_wconf 84' lang='grc' dir='ltr'><em>στοφελά</em></span> <span class='ocrx_word' id='word_1_81' title='bbox 541 1551 749 1639; x_wconf 86' lang='grc' dir='ltr'><em>στοφελοῖσιν</em></span> <span class='ocrx_word' id='word_1_82' title='bbox 771 1549 824 1616; x_wconf 77' lang='grc' dir='ltr'>ἐπ’</span> <span class='ocrx_word' id='word_1_83' title='bbox 849 1544 986 1633; x_wconf 81' lang='grc' dir='ltr'><em>άχθεσιν</em></span> <span class='ocrx_word' id='word_1_84' title='bbox 1009 1544 1116 1632; x_wconf 84' lang='grc' dir='ltr'><em>άχθεα</em></span> <span class='ocrx_word' id='word_1_85' title='bbox 1133 1555 1258 1617; x_wconf 87' lang='grc' dir='ltr'><em>θεῖσαι.</em></span> 
     </span>
    </p>
   </div>
   <div class='ocr_carea' id='block_1_4' title="bbox 109 1667 1257 3621">
    <p class='ocr_par' dir='ltr' id='par_1_8' title="bbox 113 1667 1257 2276">
     <span class='ocr_line' id='line_1_13' title="bbox 118 1667 1256 1759; baseline 0 -20"><span class='ocrx_word' id='word_1_86' title='bbox 118 1680 178 1739; x_wconf 90' lang='lat' dir='ltr'>aut</span> <span class='ocrx_word' id='word_1_87' title='bbox 199 1675 235 1738; x_wconf 94' lang='grc' dir='ltr'>ΙΙ</span> <span class='ocrx_word' id='word_1_88' title='bbox 251 1678 332 1739; x_wconf 83' lang='grc' dir='ltr'>61οῑ</span> <span class='ocrx_word' id='word_1_89' title='bbox 356 1667 506 1759; x_wconf 87' lang='grc' dir='ltr'><em>καθαρὸν</em></span> <span class='ocrx_word' id='word_1_90' title='bbox 527 1675 719 1756; x_wconf 76' lang='grc' dir='ltr'><em>καθαροῖσι.</em></span> <span class='ocrx_word' id='word_1_91' title='bbox 744 1694 771 1735; x_wconf 90' lang='lat' dir='ltr'>a.</span> <span class='ocrx_word' id='word_1_92' title='bbox 790 1676 869 1736; x_wconf 81' lang='lat'><strong>261:</strong></span> <span class='ocrx_word' id='word_1_93' title='bbox 894 1669 972 1758; x_wconf 81' lang='grc' dir='ltr'><em>περὶ</em></span> <span class='ocrx_word' id='word_1_94' title='bbox 995 1667 1109 1737; x_wconf 82' lang='grc' dir='ltr'><em>κάλλεϊ</em></span> <span class='ocrx_word' id='word_1_95' title='bbox 1129 1667 1256 1752; x_wconf 88' lang='grc' dir='ltr'><em>κάλλος.</em></span> 
     </span>
     <span class='ocr_line' id='line_1_14' title="bbox 118 1776 1257 1864; baseline -0.001 -22"><span class='ocrx_word' id='word_1_96' title='bbox 118 1778 189 1842; x_wconf 81' lang='lat' dir='ltr'>Sed</span> <span class='ocrx_word' id='word_1_97' title='bbox 218 1777 269 1840; x_wconf 89' lang='lat' dir='ltr'>his</span> <span class='ocrx_word' id='word_1_98' title='bbox 299 1777 379 1863; x_wconf 90' lang='lat' dir='ltr'>ipsis</span> <span class='ocrx_word' id='word_1_99' title='bbox 407 1777 519 1861; x_wconf 88' lang='lat' dir='ltr'>figuris</span> <span class='ocrx_word' id='word_1_100' title='bbox 542 1776 682 1841; x_wconf 91' lang='lat' dir='ltr'>Paulum</span> <span class='ocrx_word' id='word_1_101' title='bbox 713 1798 748 1840; x_wconf 90' lang='lat' dir='ltr'>se</span> <span class='ocrx_word' id='word_1_102' title='bbox 777 1777 942 1841; x_wconf 79' lang='lat' dir='ltr'>adseclam</span> <span class='ocrx_word' id='word_1_103' title='bbox 966 1778 1125 1864; x_wconf 86' lang='lat' dir='ltr'>praebere</span> <span class='ocrx_word' id='word_1_104' title='bbox 1148 1777 1257 1841; x_wconf 90' lang='lat' dir='ltr'>Nonni</span> 
     </span>
     <span class='ocr_line' id='line_1_15' title="bbox 116 1880 1257 1968; baseline 0.001 -23"><span class='ocrx_word' id='word_1_105' title='bbox 116 1903 163 1945; x_wconf 85' lang='lat' dir='ltr'>ex</span> <span class='ocrx_word' id='word_1_106' title='bbox 173 1886 291 1968; x_wconf 87' lang='lat' dir='ltr'>poetae</span> <span class='ocrx_word' id='word_1_107' title='bbox 304 1880 531 1964; x_wconf 92' lang='lat' dir='ltr'>Panopolitani</span> <span class='ocrx_word' id='word_1_108' title='bbox 549 1880 698 1944; x_wconf 90' lang='lat' dir='ltr'>versibus</span> <span class='ocrx_word' id='word_1_109' title='bbox 716 1880 910 1965; x_wconf 90' lang='lat' dir='ltr'>quibusdam</span> <span class='ocrx_word' id='word_1_110' title='bbox 926 1882 1141 1965; x_wconf 80' lang='lat' dir='ltr'>cognoscitur,</span> <span class='ocrx_word' id='word_1_111' title='bbox 1165 1903 1257 1965; x_wconf 89' lang='lat' dir='ltr'>quos,</span> 
     </span>
     <span class='ocr_line' id='line_1_16' title="bbox 116 1982 1256 2068; baseline 0 -19"><span class='ocrx_word' id='word_1_112' title='bbox 116 1985 330 2050; x_wconf 89' lang='lat' dir='ltr'>etiamsinon</span> <span class='ocrx_word' id='word_1_113' title='bbox 354 1982 395 2047; x_wconf 93' lang='lat' dir='ltr'>ad</span> <span class='ocrx_word' id='word_1_114' title='bbox 411 1983 547 2047; x_wconf 85' lang='lat' dir='ltr'>verbum</span> <span class='ocrx_word' id='word_1_115' title='bbox 570 2004 681 2047; x_wconf 89' lang='lat' dir='ltr'>omnes</span> <span class='ocrx_word' id='word_1_116' title='bbox 697 1985 885 2068; x_wconf 87' lang='lat' dir='ltr'>conspirant</span> <span class='ocrx_word' id='word_1_117' title='bbox 908 2005 980 2046; x_wconf 89' lang='lat' dir='ltr'>oum</span> <span class='ocrx_word' id='word_1_118' title='bbox 997 1987 1256 2049; x_wconf 82' lang='lat' dir='ltr'>commemoratis</span> 
     </span>
     <span class='ocr_line' id='line_1_17' title="bbox 113 2087 1255 2174; baseline 0 -21"><span class='ocrx_word' id='word_1_119' title='bbox 113 2089 213 2153; x_wconf 88' lang='lat' dir='ltr'>Pauli</span> <span class='ocrx_word' id='word_1_120' title='bbox 247 2087 376 2174; x_wconf 88' lang='lat' dir='ltr'>figuris,</span> <span class='ocrx_word' id='word_1_121' title='bbox 406 2093 516 2151; x_wconf 91' lang='lat' dir='ltr'>tamen</span> <span class='ocrx_word' id='word_1_122' title='bbox 546 2089 698 2173; x_wconf 84' lang='lat' dir='ltr'>exempla</span> <span class='ocrx_word' id='word_1_123' title='bbox 727 2087 829 2150; x_wconf 92' lang='lat' dir='ltr'>Paulo</span> <span class='ocrx_word' id='word_1_124' title='bbox 862 2093 937 2151; x_wconf 93' lang='lat' dir='ltr'>ante</span> <span class='ocrx_word' id='word_1_125' title='bbox 967 2088 1078 2151; x_wconf 87' lang='lat' dir='ltr'>oculos</span> <span class='ocrx_word' id='word_1_126' title='bbox 1108 2096 1255 2153; x_wconf 86' lang='lat' dir='ltr'>versatos</span> 
     </span>
     <span class='ocr_line' id='line_1_18' title="bbox 114 2190 630 2276; baseline -0.004 -19"><span class='ocrx_word' id='word_1_127' title='bbox 114 2213 193 2257; x_wconf 86' lang='lat' dir='ltr'>csse</span> <span class='ocrx_word' id='word_1_128' title='bbox 215 2191 296 2255; x_wconf 91' lang='lat' dir='ltr'>mihi</span> <span class='ocrx_word' id='word_1_129' title='bbox 318 2211 510 2276; x_wconf 88' lang='lat' dir='ltr'>persuasum</span> <span class='ocrx_word' id='word_1_130' title='bbox 533 2190 630 2273; x_wconf 79' lang='lat' dir='ltr'>est1).</span> 
     </span>
    </p>

    <p class='ocr_par' dir='ltr' id='par_1_9' title="bbox 111 2292 1256 2896">
     <span class='ocr_line' id='line_1_19' title="bbox 204 2292 1256 2378; baseline -0.002 -19"><span class='ocrx_word' id='word_1_131' title='bbox 204 2292 423 2359; x_wconf 78' lang='lat' dir='ltr'>Necessitudo</span> <span class='ocrx_word' id='word_1_132' title='bbox 460 2299 570 2357; x_wconf 88' lang='lat' dir='ltr'>autern</span> <span class='ocrx_word' id='word_1_133' title='bbox 608 2293 664 2356; x_wconf 89' lang='lat' dir='ltr'>illa</span> <span class='ocrx_word' id='word_1_134' title='bbox 693 2298 815 2378; x_wconf 86' lang='lat' dir='ltr'>quanta</span> <span class='ocrx_word' id='word_1_135' title='bbox 846 2294 886 2356; x_wconf 88' lang='lat' dir='ltr'>sit</span> <span class='ocrx_word' id='word_1_136' title='bbox 919 2294 1004 2356; x_wconf 92' lang='lat' dir='ltr'>intor</span> <span class='ocrx_word' id='word_1_137' title='bbox 1036 2294 1188 2357; x_wconf 87' lang='lat' dir='ltr'>Nonnum</span> <span class='ocrx_word' id='word_1_138' title='bbox 1223 2300 1256 2357; x_wconf 90' lang='lat' dir='ltr'>ot</span> 
     </span>
     <span class='ocr_line' id='line_1_20' title="bbox 112 2396 1255 2481; baseline -0.002 -18"><span class='ocrx_word' id='word_1_139' title='bbox 112 2399 268 2478; x_wconf 85' lang='lat' dir='ltr'>Paulum,</span> <span class='ocrx_word' id='word_1_140' title='bbox 288 2397 502 2481; x_wconf 88' lang='lat' dir='ltr'>sequentibus</span> <span class='ocrx_word' id='word_1_141' title='bbox 519 2397 680 2480; x_wconf 85' lang='lat' dir='ltr'>capitibus</span> <span class='ocrx_word' id='word_1_142' title='bbox 698 2396 941 2462; x_wconf 87' lang='lat' dir='ltr'>demonstrabo.</span> <span class='ocrx_word' id='word_1_143' title='bbox 974 2397 1039 2460; x_wconf 55' lang='lat' dir='ltr'>&gt;Ad</span> <span class='ocrx_word' id='word_1_144' title='bbox 1064 2418 1146 2481; x_wconf 89' lang='lat' dir='ltr'>quac</span> <span class='ocrx_word' id='word_1_145' title='bbox 1170 2419 1255 2461; x_wconf 89' lang='lat' dir='ltr'>nunc</span> 
     </span>
     <span class='ocr_line' id='line_1_21' title="bbox 114 2501 1255 2586; baseline -0.001 -20"><span class='ocrx_word' id='word_1_146' title='bbox 114 2504 229 2566; x_wconf 90' lang='lat' dir='ltr'>statim</span> <span class='ocrx_word' id='word_1_147' title='bbox 247 2503 387 2573; x_wconf 84' lang='lat' dir='ltr'>transire</span> <span class='ocrx_word' id='word_1_148' title='bbox 404 2501 490 2565; x_wconf 89' lang='lat' dir='ltr'>haud</span> <span class='ocrx_word' id='word_1_149' title='bbox 508 2506 690 2580; x_wconf 82' lang='lat' dir='ltr'>cunctarer,</span> <span class='ocrx_word' id='word_1_150' title='bbox 714 2501 777 2564; x_wconf 93' lang='lat' dir='ltr'>nisi</span> <span class='ocrx_word' id='word_1_151' title='bbox 800 2501 961 2586; x_wconf 87' lang='lat' dir='ltr'>reliquum</span> <span class='ocrx_word' id='word_1_152' title='bbox 986 2507 1073 2564; x_wconf 84' lang='lat' dir='ltr'>osset</span> <span class='ocrx_word' id='word_1_153' title='bbox 1097 2523 1255 2565; x_wconf 85' lang='lat' dir='ltr'>carmen</span> 
     </span>
     <span class='ocr_line' id='line_1_22' title="bbox 112 2605 1255 2691; baseline 0.001 -22"><span class='ocrx_word' id='word_1_154' title='bbox 112 2605 282 2691; x_wconf 88' lang='lat' dir='ltr'>quoddam</span> <span class='ocrx_word' id='word_1_155' title='bbox 299 2605 598 2670; x_wconf 90' lang='lat' dir='ltr'>semiambicum</span> <span class='ocrx_word' id='word_1_156' title='bbox 619 2606 725 2689; x_wconf 91' lang='lat' dir='ltr'>ipsum</span> <span class='ocrx_word' id='word_1_157' title='bbox 745 2626 874 2690; x_wconf 91' lang='lat' dir='ltr'>quoque</span> <span class='ocrx_word' id='word_1_158' title='bbox 891 2606 950 2669; x_wconf 89' lang='lat' dir='ltr'>sub</span> <span class='ocrx_word' id='word_1_159' title='bbox 967 2605 1061 2668; x_wconf 91' lang='lat' dir='ltr'>Pauli</span> <span class='ocrx_word' id='word_1_160' title='bbox 1079 2605 1255 2670; x_wconf 82' lang='lat' dir='ltr'>Silentiarii</span> 
     </span>
     <span class='ocr_line' id='line_1_23' title="bbox 111 2707 1253 2793; baseline 0.001 -22"><span class='ocrx_word' id='word_1_161' title='bbox 111 2709 248 2772; x_wconf 90' lang='lat' dir='ltr'>nomine</span> <span class='ocrx_word' id='word_1_162' title='bbox 273 2709 434 2786; x_wconf 88' lang='lat' dir='ltr'>relictum,</span> <span class='ocrx_word' id='word_1_163' title='bbox 459 2707 544 2793; x_wconf 95' lang='lat' dir='ltr'>quod</span> <span class='ocrx_word' id='word_1_164' title='bbox 567 2709 600 2770; x_wconf 94' lang='lat' dir='ltr'>in</span> <span class='ocrx_word' id='word_1_165' title='bbox 623 2708 720 2771; x_wconf 88' lang='lat' dir='ltr'>finem</span> <span class='ocrx_word' id='word_1_166' title='bbox 744 2707 841 2771; x_wconf 91' lang='lat' dir='ltr'>huius</span> <span class='ocrx_word' id='word_1_167' title='bbox 860 2708 974 2792; x_wconf 89' lang='lat' dir='ltr'>capitis</span> <span class='ocrx_word' id='word_1_168' title='bbox 993 2728 1161 2773; x_wconf 87' lang='lat' dir='ltr'>reservare</span> <span class='ocrx_word' id='word_1_169' title='bbox 1184 2731 1253 2772; x_wconf 89' lang='lat' dir='ltr'>ma-</span> 
     </span>
     <span class='ocr_line' id='line_1_24' title="bbox 111 2810 1252 2896; baseline -0.001 -20"><span class='ocrx_word' id='word_1_170' title='bbox 111 2813 178 2892; x_wconf 90' lang='lat' dir='ltr'>lui,</span> <span class='ocrx_word' id='word_1_171' title='bbox 211 2813 287 2896; x_wconf 92' lang='lat' dir='ltr'>quia</span> <span class='ocrx_word' id='word_1_172' title='bbox 315 2811 355 2876; x_wconf 90' lang='lat' dir='ltr'>de</span> <span class='ocrx_word' id='word_1_173' title='bbox 383 2812 454 2896; x_wconf 91' lang='lat' dir='ltr'>ipso</span> <span class='ocrx_word' id='word_1_174' title='bbox 483 2817 616 2875; x_wconf 87' lang='lat' dir='ltr'>auctore</span> <span class='ocrx_word' id='word_1_175' title='bbox 649 2832 715 2874; x_wconf 94' lang='lat' dir='ltr'>non</span> <span class='ocrx_word' id='word_1_176' title='bbox 744 2811 813 2874; x_wconf 92' lang='lat' dir='ltr'>sine</span> <span class='ocrx_word' id='word_1_177' title='bbox 844 2831 943 2874; x_wconf 86' lang='lat' dir='ltr'>causa</span> <span class='ocrx_word' id='word_1_178' title='bbox 975 2810 1157 2874; x_wconf 90' lang='lat' dir='ltr'>dubitatum</span> <span class='ocrx_word' id='word_1_179' title='bbox 1193 2819 1252 2875; x_wconf 88' lang='lat' dir='ltr'>cst.</span> 
     </span>
    </p>

    <p class='ocr_par' dir='ltr' id='par_1_10' title="bbox 109 2914 1254 3621">
     <span class='ocr_line' id='line_1_25' title="bbox 208 2914 1253 2999; baseline -0.001 -20"><span class='ocrx_word' id='word_1_180' title='bbox 208 2915 283 2980; x_wconf 93' lang='lat' dir='ltr'>Hoc</span> <span class='ocrx_word' id='word_1_181' title='bbox 301 2936 432 2979; x_wconf 90' lang='lat' dir='ltr'>carmen</span> <span class='ocrx_word' id='word_1_182' title='bbox 447 2936 512 2978; x_wconf 93' lang='lat' dir='ltr'>non</span> <span class='ocrx_word' id='word_1_183' title='bbox 527 2914 680 2979; x_wconf 86' lang='lat' dir='ltr'>traditum</span> <span class='ocrx_word' id='word_1_184' title='bbox 704 2918 754 2977; x_wconf 89' lang='lat' dir='ltr'>cst</span> <span class='ocrx_word' id='word_1_185' title='bbox 777 2915 810 2977; x_wconf 93' lang='lat' dir='ltr'>in</span> <span class='ocrx_word' id='word_1_186' title='bbox 829 2915 1031 2978; x_wconf 85' lang='lat' dir='ltr'>nobilissimo</span> <span class='ocrx_word' id='word_1_187' title='bbox 1048 2915 1253 2999; x_wconf 87' lang='lat' dir='ltr'>anthologiae</span> 
     </span>
     <span class='ocr_line' id='line_1_26' title="bbox 114 3016 1253 3103; baseline -0.002 -19"><span class='ocrx_word' id='word_1_188' title='bbox 114 3018 233 3084; x_wconf 90' lang='lat' dir='ltr'>codice</span> <span class='ocrx_word' id='word_1_189' title='bbox 257 3019 423 3093; x_wconf 88' lang='lat' dir='ltr'>Palatino;</span> <span class='ocrx_word' id='word_1_190' title='bbox 456 3019 578 3103; x_wconf 89' lang='lat' dir='ltr'>primus</span> <span class='ocrx_word' id='word_1_191' title='bbox 601 3018 681 3080; x_wconf 91' lang='lat' dir='ltr'>illud</span> <span class='ocrx_word' id='word_1_192' title='bbox 704 3016 827 3101; x_wconf 91' lang='lat' dir='ltr'>publici</span> <span class='ocrx_word' id='word_1_193' title='bbox 851 3018 929 3080; x_wconf 89' lang='lat' dir='ltr'>iuris</span> <span class='ocrx_word' id='word_1_194' title='bbox 953 3018 1030 3081; x_wconf 90' lang='lat' dir='ltr'>fecit</span> <span class='ocrx_word' id='word_1_195' title='bbox 1052 3016 1157 3081; x_wconf 84' lang='lat' dir='ltr'>Aldus</span> <span class='ocrx_word' id='word_1_196' title='bbox 1182 3018 1253 3082; x_wconf 88' lang='lat' dir='ltr'>Ma-</span> 
     </span>
     <span class='ocr_line' id='line_1_27' title="bbox 110 3121 1253 3207; baseline 0 -21"><span class='ocrx_word' id='word_1_197' title='bbox 110 3123 228 3187; x_wconf 89' lang='lat' dir='ltr'>nutius</span> <span class='ocrx_word' id='word_1_198' title='bbox 260 3122 293 3185; x_wconf 90' lang='lat' dir='ltr'>in</span> <span class='ocrx_word' id='word_1_199' title='bbox 323 3121 521 3207; x_wconf 89' lang='lat' dir='ltr'>adpendice,</span> <span class='ocrx_word' id='word_1_200' title='bbox 551 3143 614 3206; x_wconf 92' lang='lat' dir='ltr'>qua</span> <span class='ocrx_word' id='word_1_201' title='bbox 644 3121 865 3205; x_wconf 86' lang='lat' dir='ltr'>anthologiam</span> <span class='ocrx_word' id='word_1_202' title='bbox 888 3143 1039 3205; x_wconf 85' lang='lat' dir='ltr'>graecam</span> <span class='ocrx_word' id='word_1_203' title='bbox 1063 3144 1146 3186; x_wconf 92' lang='lat' dir='ltr'>anno</span> <span class='ocrx_word' id='word_1_204' title='bbox 1173 3126 1253 3187; x_wconf 83' lang='lat'>1503</span> 
     </span>
     <span class='ocr_line' id='line_1_28' title="bbox 109 3224 1252 3310; baseline 0 -20"><span class='ocrx_word' id='word_1_205' title='bbox 109 3226 271 3291; x_wconf 85' lang='lat' dir='ltr'>emissam</span> <span class='ocrx_word' id='word_1_206' title='bbox 301 3225 403 3289; x_wconf 86' lang='lat' dir='ltr'>auxit.</span> <span class='ocrx_word' id='word_1_207' title='bbox 456 3224 654 3310; x_wconf 81' lang='lat' dir='ltr'>inscriptum</span> <span class='ocrx_word' id='word_1_208' title='bbox 686 3232 737 3288; x_wconf 85' lang='lat' dir='ltr'>cst</span> <span class='ocrx_word' id='word_1_209' title='bbox 767 3225 828 3288; x_wconf 89' lang='lat' dir='ltr'>hoo</span> <span class='ocrx_word' id='word_1_210' title='bbox 852 3247 969 3310; x_wconf 89' lang='lat' dir='ltr'>poema</span> <span class='ocrx_word' id='word_1_211' title='bbox 992 3227 1166 3290; x_wconf 92' lang='lat' dir='ltr'>iambicum</span> <span class='ocrx_word' id='word_1_212' title='bbox 1190 3228 1252 3290; x_wconf 87' lang='lat' dir='ltr'>sio:</span> 
     </span>
     <span class='ocr_line' id='line_1_29' title="bbox 109 3321 1253 3415; baseline -0.001 -22"><span class='ocrx_word' id='word_1_213' title='bbox 109 3321 255 3394; x_wconf 82' lang='grc' dir='ltr'><em>Παύλου</em></span> <span class='ocrx_word' id='word_1_214' title='bbox 288 3323 510 3413; x_wconf 84' lang='grc' dir='ltr'><em>Σιλεντιαρίοο</em></span> <span class='ocrx_word' id='word_1_215' title='bbox 542 3322 589 3405; x_wconf 85' lang='grc' dir='ltr'>είς</span> <span class='ocrx_word' id='word_1_216' title='bbox 619 3321 661 3391; x_wconf 87' lang='grc' dir='ltr'><em>τὰ</em></span> <span class='ocrx_word' id='word_1_217' title='bbox 696 3325 729 3391; x_wconf 77' lang='grc' dir='ltr'>ἐν</span> <span class='ocrx_word' id='word_1_218' title='bbox 760 3323 907 3405; x_wconf 85' lang='grc' dir='ltr'><em>Πυθίοις</em></span> <span class='ocrx_word' id='word_1_219' title='bbox 940 3323 1064 3414; x_wconf 89' lang='grc' dir='ltr'><em>θερμά,</em></span> <span class='ocrx_word' id='word_1_220' title='bbox 1099 3321 1253 3415; x_wconf 73' lang='grc' dir='ltr'><em>ήμίαμγλα</em></span> 
     </span>
     <span class='ocr_line' id='line_1_30' title="bbox 109 3424 1254 3517; baseline -0.001 -20"><span class='ocrx_word' id='word_1_221' title='bbox 109 3426 255 3517; x_wconf 82' lang='grc' dir='ltr'><em>ὄίμετρα</em></span> <span class='ocrx_word' id='word_1_222' title='bbox 278 3424 509 3517; x_wconf 90' lang='grc' dir='ltr'><em>καταληκτικά.</em></span> <span class='ocrx_word' id='word_1_223' title='bbox 557 3428 656 3493; x_wconf 78' lang='lat' dir='ltr'>Cuius</span> <span class='ocrx_word' id='word_1_224' title='bbox 681 3428 721 3493; x_wconf 86' lang='lat' dir='ltr'>do</span> <span class='ocrx_word' id='word_1_225' title='bbox 744 3429 879 3494; x_wconf 89' lang='lat' dir='ltr'>historia</span> <span class='ocrx_word' id='word_1_226' title='bbox 902 3452 981 3494; x_wconf 88' lang='lat' dir='ltr'>sanc</span> <span class='ocrx_word' id='word_1_227' title='bbox 1004 3432 1085 3494; x_wconf 90' lang='lat' dir='ltr'>mira</span> <span class='ocrx_word' id='word_1_228' title='bbox 1102 3469 1142 3476; x_wconf 92' lang='lat'><em>-</em></span> <span class='ocrx_word' id='word_1_229' title='bbox 1159 3440 1254 3497; x_wconf 87' lang='lat' dir='ltr'>erant</span> 
     </span>
     <span class='ocr_line' id='line_1_31' title="bbox 109 3533 1253 3621; baseline -0.003 -20"><span class='ocrx_word' id='word_1_230' title='bbox 109 3536 204 3602; x_wconf 86' lang='lat' dir='ltr'>enim</span> <span class='ocrx_word' id='word_1_231' title='bbox 234 3535 513 3621; x_wconf 86' lang='lat' dir='ltr'>typographorum</span> <span class='ocrx_word' id='word_1_232' title='bbox 542 3534 679 3598; x_wconf 89' lang='lat' dir='ltr'>stultitia</span> <span class='ocrx_word' id='word_1_233' title='bbox 707 3533 826 3618; x_wconf 91' lang='lat' dir='ltr'>singuli</span> <span class='ocrx_word' id='word_1_234' title='bbox 862 3555 975 3598; x_wconf 88' lang='lat' dir='ltr'>versus</span> <span class='ocrx_word' id='word_1_235' title='bbox 1005 3534 1088 3598; x_wconf 90' lang='lat' dir='ltr'>adeo</span> <span class='ocrx_word' id='word_1_236' title='bbox 1117 3535 1253 3617; x_wconf 89' lang='lat' dir='ltr'>confusi,</span> 
     </span>
    </p>
   </div>
   <div class='ocr_carea' id='block_1_5' title="bbox 105 3771 1252 4535">
    <p class='ocr_par' dir='ltr' id='par_1_11' title="bbox 105 3771 1252 4535">
     <span class='ocr_line' id='line_1_32' title="bbox 206 3771 788 3840; baseline 0 -13"><span class='ocrx_word' id='word_1_237' title='bbox 206 3775 226 3840; x_wconf 86' lang='lat'>¹)</span> <span class='ocrx_word' id='word_1_238' title='bbox 246 3772 285 3828; x_wconf 80' lang='lat' dir='ltr'>cf.</span> <span class='ocrx_word' id='word_1_239' title='bbox 304 3789 366 3826; x_wconf 90' lang='lat' dir='ltr'>cum</span> <span class='ocrx_word' id='word_1_240' title='bbox 385 3771 464 3826; x_wconf 89' lang='lat' dir='ltr'>Paul.</span> <span class='ocrx_word' id='word_1_241' title='bbox 482 3773 557 3826; x_wconf 87' lang='lat'>1193</span> <span class='ocrx_word' id='word_1_242' title='bbox 575 3773 667 3827; x_wconf 89' lang='lat' dir='ltr'>Nonn.</span> <span class='ocrx_word' id='word_1_243' title='bbox 686 3774 727 3838; x_wconf 89' lang='lat'>11,</span> <span class='ocrx_word' id='word_1_244' title='bbox 743 3775 788 3827; x_wconf 78' lang='lat'>17:</span> 
     </span>
     <span class='ocr_line' id='line_1_33' title="bbox 324 3847 1053 3933; baseline 0.003 -21"><span class='ocrx_word' id='word_1_245' title='bbox 324 3855 424 3928; x_wconf 72' lang='grc' dir='ltr'><em>ἔπρεπε</em></span> <span class='ocrx_word' id='word_1_246' title='bbox 442 3856 485 3911; x_wconf 88' lang='grc' dir='ltr'><em>σοὶ</em></span> <span class='ocrx_word' id='word_1_247' title='bbox 504 3858 566 3931; x_wconf 78' lang='grc' dir='ltr'><em>ῥόος</em></span> <span class='ocrx_word' id='word_1_248' title='bbox 584 3847 663 3918; x_wconf 71' lang='grc' dir='ltr'><em>οὗτος</em></span> <span class='ocrx_word' id='word_1_249' title='bbox 680 3859 821 3933; x_wconf 79' lang='grc' dir='ltr'><em>ἐπήρατος,</em></span> <span class='ocrx_word' id='word_1_250' title='bbox 841 3858 942 3932; x_wconf 74' lang='grc' dir='ltr'><em>ἔπρεπε</em></span> <span class='ocrx_word' id='word_1_251' title='bbox 959 3862 1053 3932; x_wconf 79' lang='grc' dir='ltr'><em>μούνῳ</em></span> 
     </span>
     <span class='ocr_line' id='line_1_34' title="bbox 322 3945 618 4016; baseline 0.007 -20"><span class='ocrx_word' id='word_1_252' title='bbox 322 3945 414 3999; x_wconf 83' lang='grc' dir='ltr'><em>κάλλεϊ</em></span> <span class='ocrx_word' id='word_1_253' title='bbox 431 3947 488 3999; x_wconf 87' lang='grc' dir='ltr'>σῶν</span> <span class='ocrx_word' id='word_1_254' title='bbox 505 3947 618 4016; x_wconf 84' lang='grc' dir='ltr'><em>μελέων.</em></span> 
     </span>
     <span class='ocr_line' id='line_1_35' title="bbox 105 4031 1252 4107; baseline 0.002 -20"><span class='ocrx_word' id='word_1_255' title='bbox 105 4049 178 4087; x_wconf 83' lang='lat' dir='ltr'>cum</span> <span class='ocrx_word' id='word_1_256' title='bbox 189 4031 267 4107; x_wconf 84' lang='lat' dir='ltr'>Paul.</span> <span class='ocrx_word' id='word_1_257' title='bbox 278 4032 341 4086; x_wconf 87' lang='lat'>151.</span> <span class='ocrx_word' id='word_1_258' title='bbox 351 4032 473 4095; x_wconf 77' lang='lat' dir='ltr'>Nonn2,</span> <span class='ocrx_word' id='word_1_259' title='bbox 484 4032 546 4085; x_wconf 79' lang='lat'>157:</span> <span class='ocrx_word' id='word_1_260' title='bbox 560 4032 643 4098; x_wconf 78' lang='grc' dir='ltr'><em>ἱλαθι,</em></span> <span class='ocrx_word' id='word_1_261' title='bbox 657 4032 758 4102; x_wconf 77' lang='grc' dir='ltr'><em>(λα’φνη.</em></span> <span class='ocrx_word' id='word_1_262' title='bbox 772 4033 813 4099; x_wconf 79' lang='lat'>47,</span> <span class='ocrx_word' id='word_1_263' title='bbox 825 4033 890 4086; x_wconf 77' lang='lat'><strong>329:</strong></span> <span class='ocrx_word' id='word_1_264' title='bbox 903 4033 986 4097; x_wconf 69' lang='grc' dir='ltr'><em>ἵλαθι,</em></span> <span class='ocrx_word' id='word_1_265' title='bbox 999 4033 1102 4086; x_wconf 59' lang='lat' dir='ltr'>nerant</span> <span class='ocrx_word' id='word_1_266' title='bbox 1115 4035 1138 4099; x_wconf 89' lang='grc'>3,</span> <span class='ocrx_word' id='word_1_267' title='bbox 1147 4036 1252 4089; x_wconf 73' lang='lat' dir='ltr'>roceto.</span> 
     </span>
     <span class='ocr_line' id='line_1_36' title="bbox 105 4117 1079 4189; baseline -0.001 -15"><span class='ocrx_word' id='word_1_268' title='bbox 105 4136 177 4174; x_wconf 89' lang='lat' dir='ltr'>curn</span> <span class='ocrx_word' id='word_1_269' title='bbox 197 4117 274 4172; x_wconf 88' lang='lat' dir='ltr'>Paul.</span> <span class='ocrx_word' id='word_1_270' title='bbox 288 4118 301 4171; x_wconf 94' lang='lat' dir='ltr'>I</span> <span class='ocrx_word' id='word_1_271' title='bbox 313 4118 345 4172; x_wconf 88' lang='lat'>18</span> <span class='ocrx_word' id='word_1_272' title='bbox 357 4135 396 4186; x_wconf 88' lang='lat' dir='ltr'>sq.</span> <span class='ocrx_word' id='word_1_273' title='bbox 416 4118 507 4171; x_wconf 90' lang='lat' dir='ltr'>Nonn.</span> <span class='ocrx_word' id='word_1_274' title='bbox 526 4119 549 4183; x_wconf 90' lang='lat'>9,</span> <span class='ocrx_word' id='word_1_275' title='bbox 562 4118 626 4173; x_wconf 77' lang='lat'><strong>235:</strong></span> <span class='ocrx_word' id='word_1_276' title='bbox 646 4120 739 4178; x_wconf 78' lang='grc' dir='ltr'><em>εἴξατέ</em></span> <span class='ocrx_word' id='word_1_277' title='bbox 754 4135 815 4188; x_wconf 90' lang='grc' dir='ltr'><em>μοι·</em></span> <span class='ocrx_word' id='word_1_278' title='bbox 831 4119 933 4187; x_wconf 82' lang='grc' dir='ltr'><em>Σεμέλη</em></span> <span class='ocrx_word' id='word_1_279' title='bbox 951 4118 1006 4189; x_wconf 69' lang='grc' dir='ltr'><em>γάρ</em></span> <span class='ocrx_word' id='word_1_280' title='bbox 1025 4120 1079 4173; x_wconf 88' lang='grc' dir='ltr'><em>κτλ.</em></span> 
     </span>
     <span class='ocr_line' id='line_1_37' title="bbox 237 4191 1129 4276; baseline 0.001 -19"><span class='ocrx_word' id='word_1_281' title='bbox 237 4204 338 4269; x_wconf 79' lang='lat'><strong>39„66:</strong></span> <span class='ocrx_word' id='word_1_282' title='bbox 357 4205 467 4276; x_wconf 79' lang='grc' dir='ltr'><em>νέκταρι</em></span> <span class='ocrx_word' id='word_1_283' title='bbox 484 4203 510 4255; x_wconf 85' lang='lat' dir='ltr'>d&#39;</span> <span class='ocrx_word' id='word_1_284' title='bbox 529 4199 561 4255; x_wconf 73' lang='grc' dir='ltr'><em>ον’</em></span> <span class='ocrx_word' id='word_1_285' title='bbox 578 4205 660 4258; x_wconf 81' lang='grc' dir='ltr'><em>πέλεν</em></span> <span class='ocrx_word' id='word_1_286' title='bbox 678 4191 751 4264; x_wconf 78' lang='grc' dir='ltr'><em>οἶνος</em></span> <span class='ocrx_word' id='word_1_287' title='bbox 769 4203 884 4275; x_wconf 83' lang='grc' dir='ltr'><em>ὁμοίιος·</em></span> <span class='ocrx_word' id='word_1_288' title='bbox 904 4205 1003 4269; x_wconf 74' lang='grc' dir='ltr'><em>εἴξατε,</em></span> <span class='ocrx_word' id='word_1_289' title='bbox 1021 4204 1129 4276; x_wconf 79' lang='grc' dir='ltr'><em>θύρσοι,</em></span> 
     </span>
     <span class='ocr_line' id='line_1_38' title="bbox 107 4289 787 4359; baseline -0.006 -11"><span class='ocrx_word' id='word_1_290' title='bbox 107 4290 196 4348; x_wconf 86' lang='lat' dir='ltr'>Paul.</span> <span class='ocrx_word' id='word_1_291' title='bbox 215 4289 287 4345; x_wconf 80' lang='lat'>1162</span> <span class='ocrx_word' id='word_1_292' title='bbox 305 4289 341 4344; x_wconf 90' lang='lat' dir='ltr'>al.</span> <span class='ocrx_word' id='word_1_293' title='bbox 359 4290 484 4359; x_wconf 89' lang='lat' dir='ltr'>adponas</span> <span class='ocrx_word' id='word_1_294' title='bbox 503 4290 596 4344; x_wconf 91' lang='lat' dir='ltr'>Nonn.</span> <span class='ocrx_word' id='word_1_295' title='bbox 613 4291 656 4354; x_wconf 83' lang='grc'>37,</span> <span class='ocrx_word' id='word_1_296' title='bbox 667 4292 719 4345; x_wconf 86' lang='grc'>443</span> <span class='ocrx_word' id='word_1_297' title='bbox 731 4309 787 4359; x_wconf 61' lang='lat' dir='ltr'>cqc</span> 
     </span>
     <span class='ocr_line' id='line_1_39' title="bbox 271 4372 990 4450; baseline 0 -23"><span class='ocrx_word' id='word_1_298' title='bbox 271 4372 317 4427; x_wconf 85' lang='grc' dir='ltr'><em>καί</em></span> <span class='ocrx_word' id='word_1_299' title='bbox 336 4377 569 4445; x_wconf 63' lang='lat' dir='ltr'>westmunstier,</span> <span class='ocrx_word' id='word_1_300' title='bbox 589 4375 668 4446; x_wconf 86' lang='grc' dir='ltr'><em>φίλος</em></span> <span class='ocrx_word' id='word_1_301' title='bbox 686 4377 711 4428; x_wconf 85' lang='lat' dir='ltr'>d&#39;</span> <span class='ocrx_word' id='word_1_302' title='bbox 731 4376 866 4450; x_wconf 71' lang='grc' dir='ltr'><em>ἐρίδαινον</em></span> <span class='ocrx_word' id='word_1_303' title='bbox 884 4375 990 4447; x_wconf 79' lang='grc' dir='ltr'><em>ἑταίρην,</em></span> 
     </span>
     <span class='ocr_line' id='line_1_40' title="bbox 270 4457 1126 4535; baseline 0.005 -22"><span class='ocrx_word' id='word_1_304' title='bbox 270 4461 402 4534; x_wconf 80' lang='grc' dir='ltr'><em>γηραλέος</em></span> <span class='ocrx_word' id='word_1_305' title='bbox 420 4460 450 4514; x_wconf 71' lang='grc' dir='ltr'>δὲ</span> <span class='ocrx_word' id='word_1_306' title='bbox 468 4463 587 4531; x_wconf 83' lang='grc' dir='ltr'><em>γέροντι,</em></span> <span class='ocrx_word' id='word_1_307' title='bbox 607 4463 658 4532; x_wconf 83' lang='grc' dir='ltr'>νέῳ</span> <span class='ocrx_word' id='word_1_308' title='bbox 677 4465 744 4529; x_wconf 88' lang='grc' dir='ltr'><em>νέος,</em></span> <span class='ocrx_word' id='word_1_309' title='bbox 765 4459 841 4535; x_wconf 77' lang='grc' dir='ltr'><em>α’νέρι</em></span> <span class='ocrx_word' id='word_1_310' title='bbox 859 4461 884 4513; x_wconf 83' lang='lat' dir='ltr'>d&#39;</span> <span class='ocrx_word' id='word_1_311' title='bbox 904 4457 980 4535; x_wconf 79' lang='grc' dir='ltr'><em>ιῖνήρ.</em></span> <span class='ocrx_word' id='word_1_312' title='bbox 1001 4465 1053 4517; x_wconf 81' lang='lat' dir='ltr'>etc.</span> <span class='ocrx_word' id='word_1_313' title='bbox 1072 4464 1126 4516; x_wconf 79' lang='lat' dir='ltr'>etc.</span> 
     </span>
    </p>
   </div>
   <div class='ocr_carea' id='block_1_6' title="bbox 0 0 1392 4724">
    <p class='ocr_par' dir='ltr' id='par_1_12' title="bbox 0 0 1392 4724">
     <span class='ocr_line' id='line_1_41' title="bbox 0 0 1392 4724; baseline 0 3"><span class='ocrx_word' id='word_1_314' title='bbox 0 0 1392 4724; x_wconf 95' lang='lat' dir='ltr'> </span> 
     </span>
    </p>
   </div>
  </div>
 </body>
</html>
