2774 4724
589 328 801 392 „84-

128 534 167 546 —
192 499 276 563 Item
298 499 332 562 in
354 498 569 584 paroxytonis
601 519 674 562 raro
696 498 813 562 ultima
835 499 1028 584 producitur
1049 499 1083 562 in
1107 492 1266 584 semiqui-

128 602 229 666 naria.
273 602 357 666 Nam
388 603 422 666 in
446 602 494 666 eis
517 601 594 665 solis
617 601 743 678 verbis,
774 622 858 687 quae
888 603 984 666 aliter
1011 603 1044 665 in
1072 602 1268 667 hexametro

128 705 276 770 adhiberi
310 727 375 769 non
407 710 558 791 possunt,
589 705 674 769 hane
697 705 942 790 productionem
976 705 1267 791 deprehendimus,

128 810 213 873 sieut
244 810 279 872 in
306 809 455 872 vocibus:
488 802 657 893 λαοτόρος,
690 802 864 892 δρυτόμος,
886 806 1113 894 χαμαιπαγέες
1136 815 1200 874 ete.
1225 848 1266 856 -

128 912 280 997 Oxytona
309 933 393 996 quae
424 911 511 997 apud
534 911 673 975 Paulum
705 918 781 976 ante
812 913 1076 996 semiquinariam
1100 913 1266 998 leguntur,

128 1015 237 1079 omnia
259 1015 375 1099 longas
399 1014 543 1096 syllabas
566 1015 600 1078 in
622 1015 685 1078 fine
708 1014 840 1079 habent.

156 1168 159 1173 .
214 1117 254 1181 In
271 1128 409 1181 caesura
425 1117 545 1181 troeh.
569 1115 634 1179 ΙΙΙ
655 1117 813 1202 imprimis
829 1123 1096 1204 proparoxytona
1117 1124 1175 1182 aut
1191 1139 1265 1203 pro·

127 1221 357 1306 perispomena
390 1225 600 1305 usurpantur.
664 1219 772 1283 Etiam
806 1220 847 1284 ad
879 1220 972 1284 Pauli
1007 1242 1103 1285 usum
1137 1227 1267 1306 spectat

128 1323 255 1407 Meyeri
271 1322 456 1387 observatio
480 1321 521 1386 de
537 1323 685 1406 oxytonis
701 1322 790 1386 faeta
805 1323 840 1406 (l.
856 1324 878 1389 l.
893 1345 923 1408 p.
945 1323 1057 1406 1016);
1082 1326 1265 1388 rare-enim

128 1428 176 1509 (in
202 1430 239 1489 17
264 1425 329 1510 vv.)
353 1431 452 1512 poeta
474 1431 551 1491 ante
569 1426 660 1494 hane
683 1447 851 1490 caesuram
870 1433 1014 1511 oxytona
1037 1423 1178 1491 duarum
1199 1427 1264 1513 syl-

129 1529 276 1594 labarum
299 1528 444 1595 admisit.

215 1631 281 1697 Sed
316 1652 400 1716 quae
434 1630 577 1694 diximus
611 1635 724 1694 eontra
751 1630 882 1694 Tiedkii
915 1631 1039 1715 legem.
1056 1630 1098 1695 de
1127 1638 1265 1695 accentu

125 1736 301 1804 ¹verborum
333 1740 408 1798 ante
443 1733 709 1818 semiquinariam
743 1734 919 1818 positorum
954 1733 1132 1813 conditam,
1166 1735 1266 1798 etiam

128 1838 169 1902 ad
193 1839 438 1903 observationes
462 1836 625 1923 pertinent
647 1837 813 1916 institutas
837 1837 877 1904 de
900 1837 947 1900 eis
971 1837 1153 1918 vocabulis,
1182 1859 1266 1922 quae

129 1949 205 2006 ante
222 1962 392 2006 caesuram
408 1940 566 2007 maseul.
579 1939 620 2005 V.
638 1945 725 2003 stant
741 1939 798 2025 (ef.
810 1940 924 2006 Herm.
937 1939 1031 2017 XIV,
1046 1963 1078 2027 p.
1093 1944 1157 2004 219
1171 1940 1265 2026 sqq.).

130 2045 200 2118 Quo
219 2047 299 2109 ¹loeo
328 2051 460 2130 propter
489 2044 625 2107 vitatam
655 2042 901 2128 productionem
932 2050 966 2107 et
997 2049 1266 2129 proparoxytuna

129 2149 353 2230 (inveniuntur
376 2148 439 2212 duo
462 2148 495 2211 in
518 2171 554 2211 αι
576 2147 733 2211 exeuntia
753 2145 788 2209 H
806 2150 875 2210 121.
899 2146 1026 2223 113593
1049 2167 1147 2233 porro
1170 2148 1265 2211 1¹30

125 2247 340 2317 ἐπεκτύπεον.
377 2250 450 2315 ΙΙ5
479 2246 658 2335 ἔνίδρυσαν.
691 2253 751 2312 174
784 2245 958 2335 ἑσπέριον)
983 2256 1026 2318 θλ,
1050 2257 1266 2335 paroxytona,

129 2377 266 2440 quorum
293 2357 408 2420 ultima
434 2355 541 2423 brevis
571 2360 636 2434 est,
671 2373 805 2438 perraro
837 2361 1044 2441 usurpantur.
1095 2353 1266 2438 Disyllaba

130 2467 238 2524 autem
264 2460 449 2546 spondaica,
473 2480 556 2544 quae
579 2459 723 2525 maxime
744 2456 783 2524 τέ
803 2466 861 2525 aut
883 2456 920 2524 δέ
940 2461 1077 2524 'voculae
1101 2467 1265 2539 secuntur,

130 2569 163 2627 et
178 2563 349 2648 trisyllaba
364 2562 576 2648 anapaestiea
591 2562 744 2642 vitantur,
768 2583 810 2629 ne
826 2564 931 2627 auctis
952 2565 985 2627 in
1000 2563 1065 2628 fine
1082 2564 1266 2628 hexametri

129 2667 274 2731 caesuris
302 2668 436 2732 maseul.
469 2687 581 2731 versus
611 2665 743 2750 gravior
771 2666 839 2732 fiat.
884 2666 1010 2732 Eadem
1033 2666 1075 2730 de
1099 2688 1202 2733 eausa
1225 2688 1264 2730 ne

129 2770 305 2834 molossiea
331 2770 461 2855 quidem
494 2769 654 2834 voeabula
688 2767 742 2851 (of.
771 2761 926 2857 ἀλλήλας)
962 2768 1104 2834 libenter
1139 2771 1182 2834 ab
1216 2770 1265 2832 his

129 2874 235 2957 poetis
272 2878 348 2938 ante
384 2893 552 2937 caesuram
587 2870 723 2935 maseul.
746 2871 778 2934 V
810 2871 1035 2937 admittuntur.
1071 2908 1108 2918 -
1149 2871 1264 2956 Itaque

129 2976 286 3040 Tiedkius
302 2997 414 3041 veram
435 2997 567 3040 eausam
583 2975 848 3040 observationum
865 2988 995 3039 suarum
1011 2976 1178 3040 invenisse
1201 2997 1265 3040 non

129 3079 265 3145 videtur.
370 3120 372 3125 <

215 3183 309 3247 Haeo
332 3182 401 3246 iere
425 3180 536 3260 habui,
560 3201 644 3266 quae
661 3179 802 3244 dicerem
827 3179 867 3244 de
882 3179 978 3244 Pauli
999 3178 1181 3271 Silentiarii
1197 3185 1265 3244 arte

129 3286 276 3352 metrica.
326 3284 453 3357 Quibus
482 3306 523 3370 ex
555 3283 851 3363 observationibus,
885 3282 1013 3346 etiamsi
1042 3283 1173 3347 omnino
1202 3305 1265 3347 non

130 3388 209 3451 mihi
233 3410 336 3469 sume,
359 3394 394 3451 ut
417 3389 464 3452 eis
481 3387 629 3473 perfecta
650 3386 758 3471 imago
780 3407 857 3449 usus
879 3386 1006 3450 metrici
1029 3386 1126 3450 huius
1148 3393 1265 3471 poetae

129 3491 206 3555 data
228 3492 283 3568 sit,
306 3491 368 3554 hoc
385 3497 486 3560 ‚certe
510 3495 648 3575 apparet
670 3489 819 3568 Paulum,
843 3509 1039 3579 quamquam
1062 3488 1160 3552 modo
1183 3489 1264 3553 libe·

130 3595 248 3657 riorem
260 3595 354 3657 modo
371 3594 569 3658 severiorem
586 3613 683 3677 quam
696 3592 802 3676 ipsum
817 3591 971 3655 Nondum
986 3591 1139 3671 vidimus,
1156 3599 1265 3656 tamen

129 3703 198 3761 tota
221 3702 291 3760 arte
315 3697 347 3760 in
362 3697 551 3760 universum
567 3700 742 3780 conspecta
758 3694 983 3759 fidelissimum
999 3696 1149 3780 magistri
1167 3695 1264 3759 disei-

129 3801 240 3884 p'ulum
262 3799 373 3865 fuisse.
418 3799 514 3864 Unde
531 3799 688 3883 sequitur,
711 3803 748 3861 ut
770 3799 839 3861 sius
863 3818 988 3878 versus,
1002 3812 1086 3867 ,eum
1105 3818 1264 3863 summam

129 3902 310 3986 praebeant
339 3902 522 3982 levitatem,
551 3902 711 3969 varietate
744 3901 876 3965 omnino
904 3903 1038 3979 tareant
1067 3902 1264 3987 comparatis

129 4001 259 4085 quidem
291 4004 389 4066 variis
417 4002 528 4066 formis
560 4002 744 4068 hexametri
773 4001 952 4073 Homerici.
992 4002 1101 4077 ⁴Quae
1123 4003 1264 4077 ,exilitas

130 4111 202 4166 eum‘
225 4105 302 4190 ipsis
335 4117 393 4168 sex
421 4105 532 4169 formis
556 4105 729 4185 efficiatur,
753 4126 835 4189 quas
862 4106 949 4170 solas
972 4105 1096 4171 Paulus
1124 4106 1265 4186 admisit,

130 4207 228 4274 etiam
245 4215 384 4292 augetur
407 4230 447 4272 ea
470 4230 515 4290 re,
539 4208 626 4294 quod
640 4213 738 4294 poeta
761 4215 828 4273 tam
845 4230 946 4295 saepe
968 4208 1002 4273 in
1017 4210 1170 4288 versibus
1187 4225 1263 4274 aon-

128 4307 228 4372 tinuis
259 4310 396 4375 eandem
428 4297 623 4379 structuram
646 4311 815 4382 metricam
839 4312 1003 4397 repetivit.
1046 4311 1116 4390 Sed
1139 4298 1264 4377 tantum

115 4407 223 4489 abest,
249 4417 288 4474 ut
309 4412 447 4478 oonsilio
469 4419 605 4500 poetam
618 4412 702 4478 haee
712 4413 849 4477 ieeissse
864 4413 1013 4497 arbitrer,
1035 4421 1074 4480 ut
1096 4417 1262 4480 servitutis
