2774 4724
578 222 795 284 „30-

121 387 188 453 Sed
210 390 275 454 iarn
299 411 398 476 supra
413 389 510 454 buius
527 389 600 454 libri
624 394 657 454 et
674 389 965 476 superscriptionis
987 397 1021 455 et
1045 391 1256 477 praelationis

120 493 242 557 auxilio
273 493 567 559 domonstravimus
601 494 686 559 banc
716 501 842 580 partem
871 495 1038 580 aliquanto
1067 502 1143 582 post
1177 495 1257 559 duos

93 596 99 603 '
118 596 244 682 priores
268 596 384 677 libros,
415 598 469 682 qui
492 592 615 682 μεγάλη
637 591 786 682 πάροδος
809 598 971 676 dicuntur,
994 599 1151 684 scriptam
1175 620 1257 664 esse.

119 700 228 784 Atque
251 700 343 764 brevi
366 699 497 785 quidem
516 706 661 785 tompore
678 699 818 764 Paulum
837 701 985 766 ambonis
1003 702 1257 788 descriptionem

119 803 301 868 coniecisse
324 803 399 867 inde
424 803 559 888 colligo,
584 804 671 888 quod
694 805 848 868 metricas
872 805 1022 870 licentias
1045 807 1079 870 in
1103 827 1144 871 ea
1166 808 1257 871 inve-

119 907 241 989 nimus,
274 907 392 992 quibus
415 907 547 969 omnino
569 912 687 971 vacant
719 905 782 970 duo
807 908 933 992 priores
960 908 1049 976 libri.
1102 908 1260 974 Fortasse

119 1015 290 1075 senectute
310 1011 517 1095 imperatoris
533 1010 667 1091 Paulus,
689 1016 725 1075 ut
748 1011 885 1075 celerius
908 1033 1026 1097 poema
1054 1013 1180 1093 finiret,
1210 1014 1258 1076 in-

120 1114 236 1178 ductus
265 1119 328 1189 est;
363 1113 447 1176 inter
478 1112 623 1178 secunda
650 1114 736 1177 enim
767 1115 924 1179 encaenia
953 1121 1052 1201 atque
1084 1116 1256 1181 Iustiniani

118 1224 256 1283 mortem
280 1238 343 1281 non
367 1218 441 1302 plus
466 1237 563 1301 quam
587 1215 650 1280 duo
674 1217 837 1281 intersunt
859 1219 945 1284 anni.

205 1321 243 1384 In
277 1320 459 1384 ambonis
489 1319 693 1406 praefatione
720 1321 862 1385 iambica
901 1323 1019 1386 similia
1049 1324 1257 1408 proferuntur

120 1429 218 1509 atque
242 1425 274 1487 in
291 1424 427 1488 alterius
442 1423 517 1487 libri
540 1445 600 1487 sex
616 1422 750 1498 iambis;
775 1444 810 1487 se
833 1424 921 1489 haud
938 1425 1089 1509 ignorare
1110 1425 1258 1490 adfirmat

119 1534 216 1613 poeta
239 1548 303 1591 non
328 1528 390 1592 sibi
413 1527 476 1612 ipsi
499 1527 555 1590 sed
579 1529 737 1592 materiae
760 1527 884 1608 deberi,
909 1528 994 1615 quod
1017 1535 1084 1593 tam
1104 1530 1257 1594 lubenter

121 1638 220 1717 atque
245 1638 370 1696 attente
394 1632 538 1695 earmina
561 1652 620 1695 sua
643 1631 824 1696 audiantur.
871 1632 990 1718 Incipit
1013 1633 1084 1718 ipsa
1108 1634 1254 1697 ambonis

120 1735 293 1822 descriptio
318 1734 476 1798 invocatis
499 1735 682 1821 prophetis,
712 1735 878 1819 apostolis,
906 1737 1123 1822 martyribus,
1157 1744 1194 1802 ut
1227 1742 1260 1802 et

121 1839 184 1925 ipsi
208 1846 339 1903 cantum
363 1845 482 1925 poetae
507 1838 681 1914 adiuvent3
705 1821 778 1902 nam
804 1859 879 1902 eum
900 1840 1062 1904 celebrari
1077 1842 1196 1922 locum,
1219 1841 1258 1905 de

121 1964 184 2028 quo
208 1943 352 2029 ipsorum
379 1943 480 2006 verba
509 1943 649 2005 contioni
677 1942 819 2005 fidelium
851 1944 1056 2019 nuntientur3
1079 1945 1151 2009 lere
1174 1945 1257 2008 idem

121 2047 208 2110 enirn
244 2053 315 2111 erat
348 2045 443 2110 ambo
477 2051 574 2130 atque
608 2046 655 2126 id,
689 2045 773 2130 quod
806 2067 866 2110 nos
900 2048 1076 2111 vernaculo
1110 2070 1257 2113 sermone

124 2148 240 2215 (laurei
262 2172 426 2216 vocamus.
472 2149 636 2214 Gradibus
661 2149 700 2212 ad
726 2171 799 2214 eum
816 2150 1034 2233 adscenditur,
1058 2154 1114 2237 qui
1138 2154 1258 2217 colurn-

121 2256 172 2320 nis
202 2256 299 2319 nixus
323 2256 407 2318 infra
430 2255 529 2319 choro
561 2256 666 2318 locum
692 2254 831 2319 canendi
860 2255 924 2319 dat.
974 2254 1012 2318 In
1041 2255 1103 2319 hac
1134 2277 1257 2342 quoque

121 2359 212 2424 aedis
236 2363 329 2444 parto
352 2359 520 2421 marmoris
544 2378 667 2441 genera
691 2359 824 2444 copiose
842 2365 1075 2423 enumerantur
1090 2360 1258 2446 (er-75),

121 2469 294 2548 praeterea
322 2461 443 2525 lumina
475 2482 600 2525 summo
633 2462 781 2526 aedificio
810 2462 912 2526 infixa
940 2463 1173 2549 (rou-170),
1197 2464 1257 2548 ipsi

121 2568 283 2630 scalamm
312 2564 447 2649 gradus,
477 2565 532 2649 qui
556 2570 651 2629 caute
676 2567 820 2651 asperati
844 2572 933 2647 sunt,
956 2587 998 2631 ne
1023 2567 1095 2651 quis
1120 2567 1258 2632 descen-

122 2669 203 2734 dens
231 2668 412 2749 laberetur,
440 2669 504 2732 alia
534 2669 646 2734 multa.
697 2668 762 2732 Hic
792 2668 887 2733 ambo
919 2690 992 2732 cum
1022 2670 1259 2754 paeninsulas

121 2781 219 2859 poeta
242 2780 458 2859 eomparatur,
482 2773 642 2858 quianon
668 2774 794 2837 solutus
818 2796 838 2837 a
861 2775 981 2839 ceteris
1001 2773 1093 2838 aedis
1109 2775 1260 2859 partibus

120 2879 152 2941 in
176 2877 283 2941 medio
301 2878 424 2962 templo
441 2877 566 2961 positus
591 2882 651 2958 est,
675 2876 733 2941 sed
756 2877 810 2941 via
833 2878 873 2942 ab
894 2884 1034 2963 utroque
1050 2879 1157 2943 latere
1183 2899 1261 2942 can-

121 2981 211 3045 cellis
235 2979 322 3043 haud
344 2981 390 3044 ita
413 2981 487 3044 altis
511 2980 750 3066 circumscepta
774 3001 848 3044 cum
871 2981 1022 3046 orientali
1041 2981 1159 3047 abside
1184 3003 1261 3046 eon-

120 3083 279 3167 iungitur,
311 3103 370 3169 per
402 3103 499 3168 quam
529 3104 601 3147 cum
633 3084 787 3148 sacerdos
817 3105 943 3149 sacrum
972 3085 1090 3150 librum
1121 3106 1261 3151 aureum

121 3192 246 3271 portat,
277 3186 451 3250 multitudo
479 3186 646 3251 hominum
673 3186 817 3272 undique
842 3187 883 3252 ad
907 3189 1070 3252 cancellos
1093 3196 1263 3276 properat,

120 3295 157 3353 ut
189 3289 279 3353 illum
309 3289 482 3354 osculetur.
534 3290 669 3375 Septem
696 3297 806 3354 autem
828 3292 951 3355 ultimis
976 3291 1125 3356 versibus
1151 3293 1262 3358 denuo

122 3413 195 3457 eum
213 3393 325 3458 laudat
339 3400 449 3479 poeta,
468 3393 522 3478 qui
540 3414 580 3458 ea
596 3395 705 3457 omnia
721 3395 892 3476 creaverit,
916 3402 1014 3480 atque
1031 3395 1063 3459 ei
1084 3396 1159 3481 ipsi,
1176 3396 1264 3478 urbi,

121 3497 246 3575 incolis,
271 3499 393 3583 templo
416 3498 563 3561 favorem
586 3497 740 3561 trinitatis
764 3497 971 3583 imprecatur.

208 3599 300 3664 Haec
322 3600 391 3664 fere
409 3604 493 3681 sunt,
518 3620 602 3684 quae
618 3599 741 3664 Paulus
765 3600 804 3664 de
818 3623 936 3686 magna
951 3601 1103 3687 Byzantii
1118 3602 1264 3667 ecelesia

121 3705 295 3768 enarravit.

207 3807 317 3894 Atque
341 3807 368 3870 si
390 3805 548 3871 iudicium
571 3805 612 3871 de
637 3828 676 3871 eo
700 3808 809 3873 lacere
838 3808 998 3889 volumus,
1022 3807 1165 3893 primum
1189 3808 1264 3893 qui-

122 3911 196 3976 dem
219 3911 314 3976 nobis
336 3909 559 3996 quaerendum
582 3916 643 3991 est,
666 3916 774 3974 utrum
791 3912 893 3976 Paulo
909 3912 1092 3997 eontigerit,
1115 3917 1153 3976 ut
1177 3932 1265 3997 quae

122 4015 307 4080 describere
343 4015 377 4078 in
411 4014 518 4078 animo
552 4013 704 4095 baberet,
745 4036 861 4080 revera
899 4023 975 4081 ante
1015 4016 1125 4081 oculos
1165 4018 1264 4082 nobis

121 4124 269 4205 poneret,
292 4137 415 4192 necne;
438 4138 512 4180 nam
535 4117 568 4181 id
590 4117 759 4204 imprimis,
782 4125 818 4182 ut
841 4119 949 4199 credo,
973 4140 1087 4183 ornnes
1111 4119 1263 4207 descrip-

121 4223 245 4287 tionum
268 4226 429 4297 auctores,
455 4221 525 4285 sive
548 4240 661 4284 versus
686 4221 831 4286 scribunt
854 4224 923 4287 sive
948 4223 1095 4285 oratione
1112 4221 1266 4306 pedestri

111 4331 272 4406 utuntur,
300 4328 452 4411 spectent
481 4344 619 4389 necesse
651 4329 712 4388 est.
756 4325 830 4391 Hoc
854 4330 964 4390 autem
987 4328 1160 4388 assecutus
1185 4348 1266 4393 esse
