2774 4724
582 286 791 348 „35-

116 453 293 517 ecclesiam
315 475 581 540 unumquemque
605 455 646 519 ad
670 457 851 521 canendum
875 457 1012 522 incitare
1037 459 1130 539 dicit,
1162 462 1255 546 quasi

115 557 250 621 ineunte
274 578 352 622 vere
376 580 491 623 omnes
516 560 597 623 rami
620 561 728 625 avium
752 569 848 625 cantu
872 563 1008 646 pulchro
1032 571 1195 628 resonent.
1213 601 1254 612 —

114 682 143 723 a.
165 664 352 726 teo-199:
385 661 558 747 Copiosius
587 664 684 729 ambo
707 665 833 728 insulae
856 665 1031 745 fecundae,
1056 669 1153 732 immo
1177 691 1254 734 vero

114 766 331 847 paeninsulae
355 768 553 848 (aco-210)
578 768 790 852 componitur.
815 806 850 814 —
880 790 909 831 a.
927 772 1117 833 nol—261:
1142 771 1255 836 Veluti

112 867 303 953 duplicatur
333 869 416 933 nitor
444 891 628 954 purpureae
659 872 777 950 vestis,
809 872 837 934 si
861 877 1028 936 extremae
1053 875 1122 937 eius
1146 881 1255 959 partes

113 972 225 1035 aureis
253 973 316 1036 filis
344 978 517 1054 ornantur,
551 974 597 1037 ita
634 972 812 1058 lapidarius
842 976 1012 1038 marmoris
1048 977 1254 1062 splendorem

111 1076 242 1139 mctalli
265 1076 393 1159 fulgore
416 1096 617 1161 magnopere
641 1077 742 1140 auxit.
768 1081 828 1141 etc.
846 1082 906 1140 etc.

204 1176 272 1241 Sed
300 1178 365 1241 iam
396 1179 475 1242 satis
506 1178 546 1242 de
571 1179 730 1242 similibus
750 1170 774 1242 'a
795 1178 898 1242 Paulo
922 1181 1094 1263 adhibitis,
1118 1204 1254 1267 quorum

112 1280 274 1344 nonnulla
289 1303 353 1345 nou
370 1283 472 1345 semel
488 1286 681 1367 repetuntur
697 1303 716 1343 a
731 1287 837 1366 poeta,
855 1282 912 1346 sed
936 1285 1067 1368 saepius
1091 1286 1144 1350 vel
1168 1287 1255 1366 solis,

112 1386 226 1465 lunae,
251 1385 420 1448 stellarum
443 1385 582 1448 nitorem
607 1383 663 1447 ille
687 1384 802 1464 adfert,
825 1391 861 1447 ut
883 1386 1064 1466 marmoris,
1087 1388 1255 1469 luminum,

113 1488 255 1551 aliarum
293 1509 403 1552 rerum
446 1487 619 1552 candorem
661 1486 802 1550 dilucide
835 1486 1014 1567 describat,
1050 1490 1103 1552 vel
1132 1491 1255 1554 tholum

114 1612 191 1654 eum
217 1592 308 1655 caelo
333 1597 499 1676 comparat
534 1592 587 1673 (cf.
612 1590 734 1654 11255.
753 1593 825 1656 393.
849 1612 877 1654 a.
898 1595 966 1657 132.
987 1595 1056 1657 161.
1076 1631 1113 1639 -
1132 1594 1166 1656 ΙΙ
1183 1599 1256 1658 416.

115 1731 157 1741 -
184 1694 284 1759 1174.
303 1697 354 1759 80.
375 1693 461 1780 114).

205 1797 370 1884 Exempla
386 1820 432 1862 ex
449 1797 699 1882 antiquorum
715 1796 861 1859 fabulis
875 1795 1022 1860 derivata
1039 1797 1101 1862 duo
1117 1801 1256 1886 repperi.

114 1899 251 1964 11433:
275 1901 451 1964 Luminum
478 1907 628 1980 catenae,
661 1920 744 1984 quae
768 1899 809 1962 ab
832 1899 896 1961 imo
919 1900 953 1961 in
981 1899 1126 1966 diversas
1149 1909 1258 1988 partes

114 2004 310 2086 discedunt,
335 2025 408 2068 cum
432 2003 560 2088 Hyadis
586 2003 737 2065 cornibus
762 2001 983 2066 conferuntur.
1028 2003 1146 2068 Nonno
1172 2007 1257 2070 enim

114 2114 205 2171 teste
222 2107 369 2194 Hyades,
393 2129 476 2192 quae
492 2106 660 2171 Bacchum
682 2106 840 2180 aluerant,
866 2106 1025 2169 alunone
1049 2109 1082 2170 in
1104 2110 1206 2173 boves
1225 2116 1258 2172 et

119 2231 224 2294 equos
240 2217 386 2275 mutatae
401 2217 529 2276 sunt-
551 2211 568 2274 Ι
584 2212 656 2272 l'll:
673 2208 853 2271 Homerum
865 2209 1009 2272 imitatus
1024 2211 1122 2274 etiarn
1136 2212 1258 2276 Paulus

123 2313 242 2378 Ossam
265 2322 299 2380 et
321 2316 447 2379 Pelium
470 2315 503 2378 in
520 2313 694 2398 Olympum
712 2313 892 2375 cumulatos
917 2335 990 2376 esse
1016 2321 1258 2381 commemorat.

209 2417 272 2483 Sed
302 2419 374 2482 aliis
404 2439 533 2503 quoque
557 2416 755 2479 ornamentis
778 2415 902 2479 Paulus
926 2419 1146 2482 narrationem
1169 2441 1188 2482 a
1211 2421 1258 2482 ie-

117 2522 255 2586 iunitate
285 2543 440 2587 revocare
472 2521 612 2598 studuit,
646 2540 729 2604 quae
753 2519 870 2604 petivit
893 2539 934 2582 ex
959 2526 1029 2584 arte
1052 2522 1216 2587 rhetorica
1240 2545 1260 2586 a

118 2626 339 2688 recentiorum
373 2631 555 2711 temporum
589 2623 694 2708 poetis
729 2643 935 2708 summopere
963 2626 1104 2691 exculta.
1157 2626 1259 2689 Prac-

118 2729 215 2813 cipue
237 2729 330 2793 initia
353 2735 386 2792 et
402 2729 498 2814 primi
522 2728 596 2790 libri
620 2731 653 2790 et
669 2726 827 2806 ambonis,
851 2726 891 2790 de
915 2728 1032 2811 quibus
1057 2750 1155 2814 supra
1178 2729 1258 2808 dixi,

116 2852 271 2916 magnam
300 2832 459 2896 exhibent
482 2832 545 2894 vim
570 2829 765 2893 rhetoricam
794 2851 901 2915 neque
925 2831 1148 2910 invenustam,
1181 2852 1258 2894 ean-

117 2934 260 3020 demque
284 2936 498 3000 observamus
522 2935 555 2996 in
577 2933 696 2997 finibus
714 2934 913 3016 singulorum
931 2934 1098 3013 librorum,
1122 2956 1260 3020 quorum

116 3039 254 3124 primus,
278 3040 307 3102 si
327 3039 557 3124 comprobatur
573 3042 685 3101 nostra
702 3038 900 3117 coniectura,
924 3036 1085 3100 clauditur
1108 3038 1259 3102 sacerdo-

118 3142 208 3206 tibus
240 3143 318 3206 satis
349 3142 511 3206 rhetorice
540 3140 581 3204 ad
609 3140 700 3205 aedis
723 3147 835 3224 portas
866 3141 1060 3226 aperiendas
1091 3143 1259 3215 excitatis;

116 3248 208 3309 alter
228 3267 304 3310 vero
320 3246 427 3329 longis
445 3243 687 3307 laudationibus
711 3249 745 3308 et
765 3243 970 3329 imperatoris
994 3251 1027 3309 et
1042 3246 1258 3330 patriarchae,

117 3348 270 3414 ambonis
294 3347 472 3433 descriptio
498 3354 531 3411 et
553 3348 625 3431 ipsa
641 3347 816 3410 iustiniani
833 3347 1077 3432 praedicatione
1094 3349 1259 3414 finiuntur.

116 3452 247 3517 Eadem
270 3453 397 3516 ratione
420 3452 492 3538 ipsa
508 3452 652 3514 narratio
675 3471 738 3515 non
756 3451 858 3514 semel
874 3451 981 3514 subito
997 3453 1261 3537 interrumpitur3

118 3558 254 3641 saepius
279 3557 366 3621 enim
390 3560 490 3641 poeta
513 3554 763 3618 exclamationis
787 3553 892 3617 forma
915 3575 993 3618 usus
1018 3554 1058 3618 ad
1082 3556 1180 3619 aliam
1203 3556 1260 3619 de-

117 3660 306 3745 scriptionis
331 3664 458 3745 partem
482 3657 733 3742 transgreditur3
758 3658 840 3721 sicut
861 3658 1047 3722 calamitate
1071 3659 1162 3722 aedis
1186 3680 1261 3723 nar-

117 3769 196 3829 rata
219 3763 265 3828 ita
288 3762 330 3846 ad
354 3761 569 3827 describenda
592 3763 751 3826 encaenia
774 3763 889 3825 transit
913 3760 1054 3847 (1177):

280 3857 365 3929 ἀλλὰ
386 3859 421 3928 τί
443 3858 575 3948 dodica
598 3858 798 3950 tudcaddeog
819 3852 908 3951 ἦμαρ
931 3859 1045 3952 ἑορτῆς

281 3959 426 4054 ὑμνῆσαι
433 3994 443 4046 ,·
464 3962 499 4030 τί
521 3963 557 4030 δὲ
578 3965 688 4049 μῦθον
709 3961 881 4048 ἓλίσσομεν
904 3961 1020 4031 ἔκτοθι
1043 3967 1120 4053 νηοῦ
1126 3997 1136 4049 ,·

280 4064 375 4154 ἴομεν
398 4067 431 4134 ἐν
452 4067 628 4153 τεμένεσσι,
652 4065 734 4134 θεὸν
756 4066 785 4133 d’
808 4062 974 4156 ὗμνήσατε
995 4065 1128 4154 μύσται.

213 4175 271 4238 Βίε
299 4175 422 4239 Paulus
457 4175 557 4240 verba
586 4175 635 4261 πῆ
670 4171 813 4260 φέρομαι
845 4174 1006 4255 adhibuit,
1047 4176 1149 4241 altero
1191 4179 1262 4242 loco

118 4279 231 4366 (1128
248 4277 348 4364 sqq),
376 4284 412 4341 ut
436 4278 688 4363 descriptionem
711 4277 751 4341 ab
775 4277 865 4342 aedis
889 4279 1034 4364 partibus
1058 4281 1207 4345 orientali
1232 4287 1265 4346 et

118 4380 321 4448 occidentali
346 4381 535 4446 deflecteret
559 4381 599 4444 ad
622 4380 765 4445 medium
788 4382 963 4467 templum:

1071 4483 1108 4536 3*
