2774 4724
581 313 795 373 ...60-

119 480 192 545 Dus
212 480 348 562 Prtactp
376 481 431 544 der
453 478 728 563 Stlbeawcepaqp,
761 502 957 567 quamquam
985 482 1050 543 iam
1079 486 1178 543 antea
1204 480 1260 542 alii

119 584 160 647 de
184 584 245 647 hac
274 606 309 648 re
341 589 495 668 egerunt,
524 584 646 648 factum
671 606 745 648 esse
767 585 848 648 mihi
869 584 1012 665 videtur,
1039 589 1076 647 ut
1100 585 1194 666 leges
1219 582 1260 645 de

119 687 182 750 hoc
197 685 307 750 Nonni
328 708 389 751 usu
408 688 608 773 compositae
625 687 731 752 denuo
748 689 1014 768 examinarentur
1038 692 1072 750 et
1095 687 1181 750 aliae
1205 692 1262 749 aut

121 791 397 875 amplificarentur
413 797 470 856 aut
485 791 761 873 modificarentur,
778 793 862 857 aliae
881 793 1011 856 omnino
1027 791 1261 855 refutarentur.

122 893 284 979 Imprimis
309 895 542 960 Scheindlerus
572 901 605 959 et
628 895 892 979 Baumgartenus
921 917 982 959 neo
1012 916 1075 958 non
1104 895 1261 979 Aloysius

121 997 234 1062 Rzach
257 983 318 1060 hac
342 998 394 1061 via
416 997 625 1082 Hilbergium
648 999 750 1061 secuti
774 1004 859 1061 sunt.
904 996 1083 1082 Equidem,
1113 996 1141 1058 si
1164 996 1262 1059 Pauli

123 1101 301 1165 Silentiarii
330 1123 425 1165 usum
454 1101 589 1165 uberius
621 1103 854 1185 explanaturus
878 1123 965 1180 sum,
995 1121 1091 1186 spero
1115 1100 1202 1180 fore,
1226 1106 1263 1164 ut

125 1226 182 1291 pro
206 1206 288 1270 meis
304 1205 425 1268 viribus
441 1205 525 1269 hanc
542 1206 765 1289 quaestionem
780 1205 1018 1289 aliquantulum
1033 1225 1263 1290 promoveam;

122 1330 198 1372 nam
229 1330 291 1394 quo
326 1311 458 1395 saepius
486 1311 686 1394 singulorum
715 1315 887 1394 poetarum
908 1308 1157 1372 Nonnianorum
1181 1329 1262 1371 usus

124 1412 333 1494 observatur,
374 1434 413 1478 eo
454 1414 575 1477 certius
607 1414 793 1478 universam
826 1413 934 1496 legem
970 1412 1125 1476 constitui
1163 1432 1263 1498 posse

123 1517 289 1581 existimo

210 1619 274 1682 Hic
304 1641 432 1705 quoque
465 1641 584 1704 sequar
614 1620 776 1695 ordinem,
807 1640 904 1704 quem
934 1618 1201 1702 Baumgartenus
1231 1619 1264 1681 in

125 1722 364 1787 dissertationis
396 1745 427 1807 p.
446 1724 485 1786 36
503 1743 571 1807 sqq.
596 1723 753 1808 praeivit,
785 1723 832 1786 ita
861 1727 897 1785 ut
926 1722 1066 1807 primum
1091 1721 1200 1785 dicam
1224 1720 1265 1784 de

125 1825 280 1890 brevibus
302 1826 473 1911 syllabis
493 1826 688 1890 finalibus
712 1827 745 1889 in
769 1826 853 1890 arsi
868 1825 1047 1911 productis,
1064 1823 1266 1908 distinguam

128 1935 238 1994 autem
254 1929 415 1993 vocabula
430 1930 658 2015 monosyllaba
681 1936 714 1993 et
730 1929 892 2013 disyllaba
914 1934 947 1992 et
961 1927 1145 2012 trisyllaba,
1169 1948 1264 2013 prae-

40 2073 42 2076 >
126 2038 219 2097 terea
252 2054 306 2112 ca,
334 2054 418 2117 quae
446 2039 502 2096 aut
524 2033 616 2098 brevi
640 2034 746 2098 vocali
769 2032 979 2114 clauduntur,
1004 2038 1061 2096 aut
1085 2036 1211 2095 exeunt
1233 2031 1265 2093 in

127 2160 163 2200 αι
187 2141 220 2200 ct
242 2159 295 2215 οι,
326 2142 382 2200 aut
411 2158 510 2202 unam
539 2144 774 2202 consonantem
803 2138 897 2222 quasi
926 2121 1102 2202 terminum
1131 2136 1264 2200 habent.

127 2240 273 2325 Singulis
296 2240 463 2305 ordinibus
486 2263 582 2306 usum
606 2264 719 2307 earum
735 2243 937 2328 syllabarum
952 2241 1099 2305 finalium
1115 2240 1266 2319 adiciam,

129 2365 212 2429 quae
236 2349 353 2408 natura
368 2345 485 2429 longae
509 2352 595 2428 sunt,
618 2352 655 2409 ut
678 2347 786 2432 aptius
810 2346 1019 2432 comparandi
1042 2344 1184 2409 facultas
1208 2365 1265 2408 ex-

33 2459 35 2462 ⁴
129 2448 233 2511 sistat.
278 2447 514 2532 Baumgarteni
530 2454 640 2513 autem
656 2448 941 2513 observationibus
958 2448 999 2513 ad
1016 2447 1266 2512 Christodorum

130 2550 357 2635 spectantibus
379 2557 463 2633 utar,
487 2554 746 2638 quotiescunque
770 2552 902 2617 dabitur
925 2552 1067 2616 occasio.

217 2654 365 2718 Confinia
387 2657 620 2720 vocabulorum
643 2657 867 2742 producuntur
889 2655 976 2742 apud
998 2656 1139 2719 Paulum
1163 2652 1267 2717 Silen-

130 2756 260 2819 tiarium
285 2756 425 2836 (numeri
447 2758 489 2822 ad
512 2759 612 2823 solam
636 2759 809 2844 ecphrasin
832 2756 1041 2844 respiciunt):

598 2900 639 2965 A.
673 2900 706 2962 in
730 2897 832 2962 arsi

482 3002 510 3070 I.
546 3003 585 3067 in
607 3001 921 3088 monosyllabis,

165 3186 168 3194 Ι
219 3125 249 3168 a.
272 3125 356 3189 quac
380 3105 494 3168 brevi
516 3107 648 3170 vocali
670 3107 899 3187 terminantur,

390 3208 530 3294 inpede
574 3210 591 3273 I
636 3210 671 3273 H
714 3209 766 3272 HI
810 3209 860 3274 IV
904 3208 935 3272 V
980 3206 1028 3270 Vl

635 3297 766 3383 12-1)
816 3295 870 3381 12)
897 3294 951 3378 1³)
987 3328 1025 3339 -

573 3395 618 3480 δέ,
635 3396 714 3479 aab

224 3499 243 3564 ¹)
263 3497 423 3566 Numquam
447 3500 539 3554 brevis
558 3500 661 3556 vocalis
679 3501 710 3554 in
728 3499 928 3568 semiquinaria
946 3497 1118 3568 producitur.
1138 3498 1171 3551 cf.
1191 3498 1275 3551 Tied-

135 3582 213 3635 kium
232 3601 278 3651 qu.
297 3584 388 3639 Nonn.
408 3604 448 3655 sp.
467 3588 518 3655 §2

223 3669 243 3738 ²)
263 3687 288 3723 a.
302 3672 366 3725 107:
385 3671 412 3731 ἐς
424 3673 511 3727 Νότον
523 3673 550 3733 ἐς
562 3675 664 3745 Βορέην
682 3672 771 3728 τε·τό
789 3672 824 3725 δὲ
840 3673 921 3732 σπέος
934 3673 1041 3726 εἴκελον
1054 3673 1128 3741 οἴκῳ.
1156 3671 1275 3740 Saepius

137 3756 254 3810 Nouimus
273 3757 313 3812 sio
331 3759 437 3813 voculis
455 3761 471 3812 ό
490 3760 528 3827 δέ,
546 3761 578 3815 τό
597 3761 630 3815 δέ
645 3761 720 3815 inter
739 3777 767 3815 se
786 3759 942 3815 coniunctis
960 3758 1059 3813 utitur.

224 3843 371 3912 ³)11529:
400 3847 500 3920 ὁπρὶν
518 3848 628 3922 ἐέργων.
663 3849 702 3904 of.
722 3847 859 3903 Christod.
877 3848 919 3901 24.
932 3848 966 3901 97
991 3846 1017 3913 (ὅ
1037 3843 1126 3917 πρίν),
1150 3848 1180 3900 et
1203 3862 1277 3914 quae

137 3932 251 4002 Baumg.
271 3935 455 4003 explicaverit
473 3954 500 4006 p.
514 3938 556 3991 37.
575 3939 609 3994 cf.
628 3938 713 3992 etiam
731 3938 822 3991 Noun.
841 3935 883 4000 34,
896 3936 937 3990 56.
956 3933 988 3988 to*
1005 3931 1070 4005 πρὶν
1089 3928 1220 4003 ἀμείψας.

222 4039 255 4105 b.
281 4043 421 4124 quaein
445 4067 480 4107 αι
504 4049 561 4108 aut
584 4067 616 4110 οι
640 4049 772 4123 exeunt,

397 4147 538 4234 inpede
582 4148 599 4211 I
643 4148 677 4211 ΙΙ
721 4147 773 4211 III
816 4145 866 4209 IV
910 4145 942 4208 V
985 4143 1035 4208 VI

574 4237 679 4299 5318
728 4233 781 4320 1¹)
820 4270 859 4280 —
917 4234 936 4295 9
990 4266 1028 4276 -

230 4349 249 4416 1)
268 4344 361 4400 1106:
388 4337 420 4394 ori
444 4338 511 4412 γάρ,
531 4335 625 4403 ’Ἀναξ,
651 4339 676 4391 εἰ
696 4335 742 4388 καί
766 4350 797 4390 σε
818 4333 1040 4402 καταπτήσσουσι
1064 4332 1119 4385 κτλ.
1161 4331 1278 4385 Perraro

126 4434 209 4509 apud
225 4432 350 4492 Paulum
369 4425 601 4502 monosyllabum
617 4423 650 4478 'm
666 4422 724 4479 arsi
737 4423 791 4478 lll.
807 4423 881 4488 stat,
898 4420 933 4472 id
948 4419 1026 4489 quod
1040 4419 1161 4488 apparet
1180 4433 1195 4472 e
1213 4417 1278 4488 lege
