2774 4724
574 234 787 295 ..13-

115 423 190 465 esse
213 401 381 487 promittit.
428 401 494 467 Sed
511 402 641 484 frustra,
665 403 776 467 statim
793 404 925 468 incenso
942 403 1050 469 animo
1074 405 1107 467 in
1122 402 1248 469 Demus

115 507 233 569 osculis
259 507 373 570 haeret
397 527 503 591 neque
534 527 728 592 quemquam
752 529 786 571 se
809 507 941 591 puellae
964 514 1151 594 erepturum
1175 528 1248 572 esse

114 608 273 674 adfirmat.

202 713 234 776 V
250 716 329 776 266:
376 713 469 778 Sicut
491 714 528 794 is,
547 715 599 798 qui
618 737 637 778 a
653 715 780 779 furente
799 736 879 779 cane
896 736 1023 778 morsus
1041 720 1101 795 est,
1119 736 1250 800 semper

115 817 243 880 bestiae
268 818 445 901 imaginem
468 819 502 881 in
525 839 610 902 aqua
632 818 743 883 videre
767 818 898 898 dicitur,
926 819 972 882 ita
995 819 1134 883 fortasse
1159 839 1250 882 amor

115 927 232 1004 poetae
257 921 388 984 dentem
415 921 538 997 infixil3
568 944 643 986 uam
672 924 706 986 in
732 923 825 1005 mari,
854 923 1025 1003 induvia,
1050 923 1250 1008 quinetiam

118 1025 149 1086 in
175 1024 239 1087 vini
262 1025 379 1109 poculo
403 1024 533 1109 puellae
557 1025 698 1109 effigiem
722 1025 871 1111 adspicit.

200 1127 308 1191 Minus
343 1127 543 1192 confidenter
574 1129 713 1194 Paulum
741 1130 837 1193 huius
868 1131 1049 1194 sententiae
1082 1136 1249 1193 auctorem

116 1232 311 1296 existimem.
362 1231 394 1294 V
414 1234 494 1295 281:
550 1232 589 1295 In
625 1241 806 1314 amantem,
840 1234 917 1297 dum
954 1234 1084 1319 puellae
1123 1240 1250 1318 portam

116 1337 214 1399 sertis
239 1343 341 1416 ornat,
366 1358 484 1422 aquam
508 1339 614 1402 amica
630 1338 768 1412 defudit;
793 1339 851 1404 sed
874 1339 975 1403 multo
998 1339 1121 1402 maiore
1138 1359 1249 1403 amore

115 1441 171 1503 ille
195 1441 413 1504 inflammatus
438 1448 488 1505 est
510 1464 570 1527 per
586 1463 714 1526 aquam,
737 1444 770 1506 in
794 1464 858 1528 qua
874 1443 959 1528 ignis
985 1464 1027 1506 ex
1050 1463 1106 1506 ore
1119 1442 1249 1528 puellae

116 1544 253 1606 haustus
279 1545 412 1610 latebat.
458 1545 554 1609 Hanc
579 1548 775 1611 sententiam
798 1569 863 1610 uon
878 1547 1041 1633 propriam
1064 1567 1138 1610 esse
1154 1545 1249 1609 Pauli

116 1650 277 1712 oredimus
302 1671 365 1713 non
382 1656 449 1714 tam
465 1652 617 1715 commoti
635 1652 793 1737 exemplis
817 1674 836 1714 a
852 1650 987 1715 Malleto
1010 1652 1056 1735 (p.
1070 1653 1110 1713 44
1126 1648 1199 1713 adn.
1217 1647 1249 1734 l)

115 1754 264 1836 prolatis,
295 1754 369 1836 quia
398 1755 430 1816 in
461 1754 508 1818 eis
532 1754 612 1817 nihil
636 1754 753 1818 dicitnr
775 1754 816 1818 de
840 1775 922 1818 novo
944 1754 1000 1817 illo
1025 1753 1142 1818 ardore
1165 1774 1250 1837 aqua

116 1857 265 1933 incenso,
290 1879 386 1940 quam
410 1857 510 1922 Anth.
533 1857 606 1921 Lat.
631 1859 866 1942 epigrammate
885 1861 945 1921 706
963 1855 1032 1942 (R.)
1056 1879 1076 1921 a
1097 1855 1249 1920 Iacobsio

115 1959 247 2023 laudato
280 1960 345 2044 (ap.
375 1960 517 2024 Brunck.
546 1967 622 2024 tom.
646 1960 696 2024 XI
719 1984 750 2047 p.
770 1960 854 2045 145).
907 1960 980 2024 Hoc
1015 1960 1157 2024 carmine
1192 1959 1249 2022 ad-

118 2062 249 2125 modum
266 2065 396 2148 copioso
412 2062 499 2127 Iulia
516 2064 677 2146 quaedam
694 2071 812 2149 poetae
828 2065 935 2129 nivem
954 2064 1107 2128 iniecisse
1123 2063 1250 2143 dicitur,

117 2187 200 2248 quae
219 2173 334 2250 pectus
352 2167 422 2230 eius
439 2166 532 2230 ussit.
579 2165 627 2229 ef.
646 2189 674 2230 v.
693 2169 727 2230 2:
752 2168 830 2248 „nix
852 2172 963 2232 tamen
986 2167 1070 2250 iguis
1094 2170 1195 2247 erat“‚
1218 2172 1251 2229 et

117 2291 145 2333 v.
164 2275 180 2330 5
200 2291 252 2352 sq:

247 2374 318 2458 quis
342 2373 432 2437 locus
456 2373 580 2437 insidiis
605 2373 735 2437 dabitur
756 2373 836 2437 mihi
858 2378 948 2437 tutus
972 2373 1101 2452 amoris,

288 2477 407 2560 frigore
433 2482 584 2540 concreta
607 2478 633 2539 si
654 2477 736 2541 latet
758 2477 843 2561 ignis
864 2483 970 2561 aqua?

117 2579 188 2652 Quo
214 2581 356 2644 carmine
381 2580 555 2666 perducor,
578 2586 615 2643 ut
638 2581 765 2644 cautius
789 2579 830 2646 de
853 2580 949 2644 huius
973 2581 1065 2645 Pauli
1089 2581 1251 2666 epigram·

117 2686 213 2747 matis
238 2685 364 2768 origine
388 2684 539 2749 iudicem.

203 2789 273 2852 lam
297 2790 445 2852 venimus
479 2789 520 2853 ad
542 2788 637 2851 Pauli
661 2788 899 2873 epigrammata
922 2789 954 2850 in
979 2788 1096 2853 ceteris
1121 2786 1250 2852 Antho-

116 2894 225 2977 logiae
249 2893 342 2956 libris
367 2892 500 2972 tradita,
526 2913 660 2977 quorum
685 2893 717 2954 in
743 2896 838 2955 sexto
860 2893 945 2955 iuter
968 2893 1252 2978 epigrammata

119 2997 373 3060 dedicatoria
396 2996 553 3059 nonnulla
576 2995 672 3058 Pauli
695 2995 840 3058 carmina
864 2996 1085 3081 reperiuntur,
1111 3017 1193 3080 quae
1218 3001 1252 3059 et

119 3101 190 3183 ipsa
214 3099 324 3162 usitati
352 3099 534 3182 argumenti
552 3105 635 3163 sunt.
682 3095 730 3162 Of.
748 3096 864 3161 v154:
888 3097 1057 3162 Eunomus
1078 3099 1251 3163 Locrensis

120 3202 263 3286 Apollini
282 3202 426 3266 cicadam
449 3223 524 3266 aere
541 3203 661 3266 factam
678 3201 816 3283 dedicat,
841 3203 916 3287 quia
940 3204 972 3265 in
989 3202 1132 3266 citharae
1150 3207 1252 3267 certa·

120 3308 206 3368 minc
230 3326 294 3369 una
318 3305 437 3368 chorda
460 3304 590 3390 dirupta
606 3327 737 3370 muscae
758 3326 868 3391 opera,
893 3327 965 3370 cum
982 3326 1079 3390 super
1094 3305 1251 3369 citharam

116 3411 174 3472 illa
198 3409 370 3473 considens
393 3409 512 3472 leniter
535 3415 677 3491 caneret,
701 3408 870 3473 victoriam
892 3409 1078 3494 reportavit.
1124 3408 1251 3473 Eadem

116 3512 228 3575 fabula
251 3513 417 3596 aliquanto
435 3511 571 3575 uberius
588 3517 739 3575 narratur
762 3512 997 3597 epigrammate
1013 3511 1136 3575 incerto
1159 3508 1251 3595 (584)
1312 3513 1316 3522 ’

116 3614 190 3677 libri
213 3614 273 3679 IX.
318 3614 469 3678 Maximis
504 3619 612 3678 autem
639 3619 709 3676 erat
731 3614 764 3675 in
787 3613 912 3676 deliciis
936 3613 1113 3698 praecipue
1137 3633 1250 3677 recen-

117 3717 236 3780 tiorum
261 3725 442 3802 temporum
466 3718 589 3803 poetis,
613 3722 649 3780 ut
672 3716 813 3796 videtur,
836 3715 867 3778 id
891 3722 1133 3800 argumentum,
1165 3716 1251 3800 quod

116 3820 239 3884 Paulus
252 3822 355 3885 tribus
371 3821 531 3906 poematis
545 3821 611 3905 (64.
624 3823 674 3884 65.
686 3820 741 3904 66)
753 3820 914 3899 tractavit,
929 3818 985 3883 ubi
1001 3820 1108 3883 scriba
1121 3819 1251 3904 quidam

117 3930 174 3987 aut
197 3925 347 3987 manibus
373 3929 429 3987 aut
452 3924 554 3989 oculis
580 3944 707 3986 summa
729 3928 900 3987 senectute
924 3922 1019 3986 fessis
1036 3923 1253 3988 iustrumenta

116 4049 177 4089 sua
198 4027 252 4089 vel
275 4027 439 4091 Mercurio
471 4028 522 4091 vel
545 4026 650 4091 Musis
676 4032 855 4090 consecrat.
901 4025 1050 4090 Eandem
1074 4027 1159 4091 enim
1182 4049 1251 4092 rem

116 4152 189 4195 cum
221 4130 393 4216 Philippus
424 4130 573 4195 Thessal.
603 4130 666 4194 sibi
696 4130 884 4217 proposuit,
914 4130 968 4214 qui
1000 4130 1162 4217 prioribus
1190 4131 1252 4194 fuit

115 4234 328 4319 temporibus,
350 4241 417 4298 tum
434 4233 648 4298 Damocharis
669 4235 724 4299 ille
740 4234 905 4319 Agathiae
921 4234 1101 4320 discipulus
1118 4232 1250 4320 (V163)
1316 4260 1318 4266 ’

117 4344 150 4399 et
181 4337 231 4399 bis
265 4338 331 4420 (67.
349 4338 404 4420 68)
436 4337 582 4400 lulianus
615 4338 815 4424 Aegyptius,
851 4358 947 4421 quem
982 4343 1017 4399 ct
1041 4338 1160 4418 ipsum
1187 4353 1271 4392 esse,
