2774 4724
593 281 922 345 -28-'

136 453 334 532 instituitur,
364 454 464 517 stulto
498 447 577 518 sa'ne
606 454 702 519 modo
731 455 945 540 interrupisse
969 454 1158 540 arbitror¹).
1209 456 1269 521 sed

135 561 242 619 utrum
267 578 302 621 re
319 578 398 621 vera
413 557 581 622 auditores
598 580 640 622 ex
656 558 865 645 imperatoris
880 557 1001 643 palatio
1018 559 1051 622 in
1066 560 1268 645 patriarchae

137 660 267 723 domum
290 661 520 745 migraverint,
550 682 592 725 an
615 661 739 726 Paulus
762 667 932 747 poetarum
955 662 1088 727 lieentia
1110 684 1190 727 usus
1212 663 1269 728 hoc

136 765 283 844 tinxerit,
315 772 351 828 ut
387 765 588 849 vegetiorem
617 764 770 830 redderet
793 765 944 830 carminis
967 770 1131 847 tenorem,
1155 767 1217 831 hac
1238 768 1269 830 in

136 889 171 933 re
196 867 412 932 discernenda
436 868 586 952 equidem
610 890 743 954 operam
767 889 833 933 non
855 868 1002 954 perdam.

221 972 259 1035 In
287 972 414 1057 primo
440 971 538 1055 igitur
566 972 648 1036 libro
676 971 717 1036 de
741 972 927 1036 calamitate
955 970 1048 1036 aedis
1072 993 1172 1057 supra
1198 994 1267 1036 uar-

135 1081 205 1139 rata
235 1082 267 1140 ct
298 1075 338 1139 de
371 1075 538 1139 encaeniis
564 1075 716 1139 secundis
748 1076 870 1140 Paulus
897 1075 986 1140 dicit.
1041 1073 1140 1140 Initio
1163 1082 1266 1141 autem

136 1181 287 1244 carminis
311 1178 450 1244 servatis
474 1178 578 1242 modis
601 1179 718 1264 prioris
740 1179 954 1265 praefationis
977 1170 1267 1244 iterum‘Iustinia·

134 1304 211 1346 num
226 1282 375 1347 omuibus
388 1281 539 1346 laudibus
555 1287 659 1363 ornat,
684 1283 738 1367 qui
752 1281 936 1347 aedificium
959 1282 1041 1347 illud
1054 1283 1142 1347 inter
1164 1289 1268 1347 cetera

135 1387 302 1451 excellens
332 1387 535 1451 exstruxerit
558 1385 704 1470 (1-10).
754 1386 952 1471 Byzantium
980 1378 1125 1472 (dumea
1144 1379 1267 1474 Ῥώμη)

134 1489 296 1575 huiusque
332 1496 468 1555 matrem
503 1489 641 1554 Romam
665 1485 845 1575 (Λατινιὰς
871 1483 1018 1575 Ῥώμη),
1053 1511 1137 1575 quae
1173 1490 1266 1556 filiam

135 1594 293 1658 maiorem
311 1615 384 1658 esse
401 1592 584 1678 adgnoscit,
601 1592 792 1657 adhortatur
806 1599 905 1678 poeta
922 1591 1090 1678 (rr-33),
1114 1600 1152 1659 ut
1168 1596 1266 1681 impe·

134 1701 275 1762 ratonem
305 1697 488 1776 celebrent,
518 1718 579 1761 nec
602 1697 709 1761 minus
732 1719 846 1762 omnes
868 1698 1001 1778 incitat,
1025 1697 1266 1784 quibuscunque

134 1805 232 1864 antea
262 1800 371 1866 tholus
402 1802 567 1887 collapsus
602 1821 728 1865 summo
760 1801 863 1866 dolori
893 1801 1001 1866 inerit.
1057 1800 1267 1866 Subridentes

134 1905 204 1970 siue
233 1904 332 1970 dubio
362 1906 496 1991 legetis,
524 1926 588 1990 qua
611 1927 684 1970 eum
707 1905 876 1970 anxietate
902 1905 1026 1969 Paulus
1049 1905 1267 1971 calamitatem

133 2009 221 2072 illam
246 2011 550 2075 commemoraverit
579 2011 672 2095 quasi
695 2011 836 2091 veritus,
865 2031 906 2074 ue
930 2009 980 2073 his
1003 2009 1102 2074 rebus
1125 2009 1267 2076 adversis

134 2114 293 2177 memoria
334 2113 421 2178 haud
466 2114 608 2178 iucunda
645 2115 808 2178 renovatis
846 2114 1035 2201 imperatori
1073 2114 1268 2199 displiceret.

135 2218 188 2302 (cf.
215 2239 265 2284 vv.
290 2221 439 2285 43-51.
469 2217 630 2304 71-73).
686 2218 815 2284 Deinde
855 2239 929 2282 curn
965 2217 1111 2283 breviter
1144 2219 1268 2282 ruinam

133 2323 224 2387 illam
254 2320 479 2407 descripserit,
509 2326 618 2385 narrat
646 2327 743 2407 poeta
767 2321 1006 2386 restitutionem
1035 2326 1106 2385 arte
1131 2320 1268 2406 quadam

133 2432 232 2511 poeta
256 2425 405 2489 scaenico
429 2424 516 2489 haud
540 2424 690 2510 indigua;
712 2426 820 2511 ipsum
845 2425 932 2489 euim
954 2425 1162 2510 Byzantium,
1186 2423 1269 2510 qnod

133 2529 279 2594 mulieris
303 2528 405 2592 forma
421 2527 608 2614 praeditum
622 2529 812 2614 imperatori
836 2550 872 2593 se
896 2529 1001 2610 offert,
1024 2530 1165 2614 loquens
1183 2528 1267 2592 facit.

136 2632 284 2718 Supplex
313 2630 431 2695 mulier
460 2631 679 2697 Iustinianum
710 2637 781 2696 orat
804 2638 902 2716 atque
925 2632 1093 2712 obsecrat,
1116 2638 1154 2696 ut
1177 2633 1268 2698 resti·

134 2739 244 2800 tuatur
277 2734 433 2808 ecclesia3
468 2740 502 2797 et
535 2733 590 2798 ille
620 2733 751 2818 quidem
781 2754 853 2798 eam
884 2733 1058 2799 sublevans
1088 2757 1269 2801 maerorem

135 2859 263 2902 omnem
288 2857 330 2901 ex
352 2843 484 2924 pectore
509 2837 571 2902 eici
593 2837 694 2917 iubet,
718 2858 794 2901 nam
811 2837 1011 2903 restituendo
1027 2839 1153 2925 templo
1172 2841 1270 2905 etiam

133 2941 238 3026 magis
276 2941 485 3026 conspicuam
526 2960 561 3004 se
594 2962 668 3005 eam
703 2940 863 3004 facturum
904 2962 977 3006 esse
1004 2942 1177 3027 promittit.
1230 2943 1271 3008 ut

136 3045 245 3109 statim
258 3045 449 3129 exsequitur
460 3044 631 3130 promissa.
663 3043 839 3130 Extemplo
857 3065 921 3109 non
934 3047 1132 3131 exspectatis
1146 3048 1271 3112 eomiti-

134 3149 210 3230 bus,
243 3150 297 3234 qui
325 3169 454 3233 semper
484 3148 714 3233 imperatorem
742 3149 896 3234 prosequi
921 3150 1044 3229 solent,
1074 3150 1147 3217 sine
1174 3153 1271 3238 regiis

133 3253 316 3337 insignibus
332 3251 373 3316 ad
389 3251 504 3317 aedem
521 3250 695 3316 contendit.
740 3252 912 3318 Paullatim
928 3254 1089 3320 immensa
1102 3254 1270 3321 hominum

134 3355 305 3420 multitudo
338 3355 481 3440 undique
513 3355 659 3436 confluit,
688 3355 905 3421 lastinianum
939 3357 1081 3422 elamore
1117 3358 1270 3425 salutant.

135 3459 199 3533 Qui
228 3480 301 3523 curn
329 3460 508 3545 collapsam
535 3460 650 3544 templi
682 3465 808 3544 partem
836 3459 1040 3547 adspexerit,
1073 3461 1272 3528 architectos

133 3561 230 3628 valde
265 3562 394 3646 laudat,
427 3563 515 3649 quod
549 3585 662 3628 eorum
693 3565 848 3649 singulari
877 3564 1062 3650 diligentia,
1097 3586 1140 3630 ne
1169 3568 1272 3632 maior

133 3688 210 3752 pars
248 3673 429 3748 corrueret,
465 3667 667 3754 prohibitum
695 3669 746 3731 sit.
798 3667 927 3733 Deinde
961 3675 1061 3754 poeta
1096 3676 1271 3756 postquam

134 3770 313 3850 rhetorice,
343 3774 379 3833 ut
408 3769 510 3849 solet,
540 3770 779 3835 restitutionem
809 3772 967 3836 eeclesiae
997 3770 1272 3867 prudentiamque

133 3874 307 3939 Iustiniani
335 3897 355 3938 a
384 3894 546 3959 quoquam
582 3875 661 3938 satis
694 3875 856 3940 celebrari
887 3897 986 3962 posse
1014 3876 1165 3960 negavit,
1199 3899 1271 3943 eum

134 3977 364 4057 adfirmaverit,
388 3982 509 4062 quanta
525 3977 736 4043 admiratione
760 3999 872 4043 omnes
888 3979 1090 4060 adlicientur,
1115 3981 1172 4064 qui
1187 3982 1270 4047 inte-

225 4149 246 4218 1)
266 4148 440 4216 Quamquam
453 4148 482 4202 in
496 4148 590 4204 codiee
600 4149 730 4204 Palatino
743 4148 896 4217 quidquam
906 4148 1035 4216 inveniri,
1045 4167 1101 4218 quo
1111 4151 1273 4208 stabiliatur

135 4234 294 4289 coniectura
306 4234 364 4302 illa,
377 4237 465 4303 negat
483 4235 786 4300 Stadtmuellerus,
804 4235 847 4290 vir
859 4235 942 4291 huius
955 4236 1058 4291 codicis
1075 4237 1270 4307 peritissimus,

129 4320 177 4374 eui
197 4324 319 4391 propter
341 4319 473 4376 eximiam
491 4321 711 4394 benignitatem,
729 4339 785 4392 qua
803 4325 946 4393 permotus
965 4322 1000 4376 de
1018 4324 1211 4393 compluribus
1229 4341 1269 4380 ma

112 4404 215 4462 docuit
228 4407 338 4464 codicis
354 4408 542 4479 lectionibus,
560 4411 616 4468 hoe
635 4427 749 4483 qnoque
765 4409 830 4464 loeo
843 4408 952 4478 gratias
961 4424 1017 4475 ago
1028 4425 1114 4473 quam
1121 4427 1269 4465 maxumas
