2774 4724
202 1042 408 1107 Godofredus
432 1043 642 1107 Hermannus
666 1050 839 1129 postquam
867 1044 899 1106 in
928 1044 1009 1107 libro
1033 1044 1073 1108 de
1098 1043 1248 1129 Orphicis

115 1148 293 1231 composito
317 1148 439 1232 primus
470 1146 636 1211 historiam
666 1168 780 1211 versus
809 1148 932 1212 heroici
964 1149 1142 1230 enarravit,
1172 1170 1250 1213 mox

116 1252 300 1315 accuratius
329 1252 553 1316 disseruerunt
585 1253 644 1316 viri
676 1252 761 1317 docti
799 1254 840 1318 de
868 1253 975 1318 Nonni
1010 1260 1080 1318 arte
1114 1254 1250 1317 metrica

115 1356 262 1439 profecto
291 1362 357 1419 tam
380 1357 476 1435 mira,
504 1362 541 1419 ut
562 1377 775 1442 permagnam
797 1358 970 1422 materiem
993 1357 1111 1421 talibus
1136 1356 1249 1421 obser-

115 1459 300 1522 vationibus
325 1459 557 1524 subministret.
605 1459 678 1534 Qua
701 1459 741 1524 de
758 1460 986 1545 cognoscenda
1003 1463 1124 1545 optime
1143 1461 1250 1524 meriti

116 1570 191 1626 sunt
214 1562 384 1645 Lehrsius,
409 1564 653 1644 Volkmannus,
681 1563 839 1629 Tiedlrius
871 1565 936 1629 alii.
981 1563 1091 1628 Etiam
1119 1563 1159 1628 de
1183 1565 1250 1628 sin-

115 1667 221 1750 gulari
250 1678 399 1731 sermone
428 1673 545 1753 poetae
573 1668 801 1754 Panopolitani
832 1669 1007 1733 nonnullae
1036 1668 1143 1732 editae
1176 1673 1252 1732 sunt

116 1771 418 1835 dissertatiunculae
434 1772 525 1835 velut
541 1772 582 1836 ab
599 1772 782 1853 Assmusio,
800 1771 945 1858 Riglero,
960 1772 1161 1838 Ludwichio.
1199 1773 1250 1837 De

115 1875 259 1938 fontibus
283 1882 403 1956 autem,
428 1874 545 1959 quibus
566 1874 702 1939 Nonnus
718 1875 902 1939 fabularum
925 1875 1071 1939 hortulos
1091 1876 1251 1961 irrigaret,

116 1980 248 2062 egregie
286 1980 353 2062 egit
393 1978 596 2043 Reinholdus
636 1978 782 2043 Kochler
814 1967 1045 2045 dissertatione
1087 1968 1170 2045 lita·
1202 1980 1253 2043 aa

116 2082 314 2163 Dionysiaca
338 2082 392 2144 des
406 2081 544 2145 Noaaas
566 2101 626 2145 aaa
642 2081 815 2162 Panopolis
836 2083 948 2165 (Halle
968 2084 1068 2167 1853)
1086 2084 1252 2169 inscripta,

118 2207 202 2269 quae
225 2186 312 2248 lectu
336 2176 526 2268 dignissima
550 2192 608 2249 est.

203 2288 328 2351 Verum
344 2288 569 2351 desideramus
588 2288 695 2352 adhuc
709 2291 1026 2371 commentationem,
1048 2311 1130 2375 quae
1148 2295 1252 2372 totum

115 2393 268 2456 Nonnum
292 2398 424 2477 poetam
447 2394 631 2456 accuratius
655 2394 750 2457 nobis
774 2393 833 2457 sub
850 2394 1043 2478 adspectum
1065 2395 1251 2459 subiecerit.

117 2496 183 2560 Sed
202 2499 228 2559 si
244 2498 308 2559 iam
326 2503 453 2581 patrem
469 2496 552 2560 adeo
568 2499 753 2582 neglectum
771 2497 960 2577 viderimus,
978 2497 1116 2561 filiorum
1132 2503 1253 2561 sortem

117 2621 189 2664 esse
213 2601 392 2682 meliorem,
416 2601 488 2685 quis
512 2607 572 2680 est,
598 2602 651 2684 qui
669 2606 860 2687 exspectet?
906 2601 1022 2685 Itaque
1046 2602 1145 2665 etiam
1161 2599 1250 2664 Non-

115 2707 296 2785 nianorum,
321 2706 375 2789 qui
399 2705 560 2785 dicuntur,
583 2706 717 2791 ingenia
732 2727 805 2770 raro
823 2706 957 2770 uberius
975 2706 1141 2790 descripta
1166 2713 1250 2787 sunt,

117 2811 218 2873 veluti
231 2809 440 2894 Triphiodori
455 2809 671 2874 aWernickio
685 2816 741 2874 aut
754 2808 955 2874 Ohristodori
968 2809 1251 2894 aBaumgarteno.

205 2912 309 2985 Quam
335 2914 375 2978 ob
399 2935 468 2977 rem
492 2914 580 2977 haud
604 2915 748 2979 alienum
764 2914 939 2978 videbatur
961 2913 1001 2978 de
1026 2935 1089 2977 uno
1114 2935 1155 2977 ex
1179 2914 1251 2977 imi-

117 3017 275 3080 tatoribus
307 3017 414 3081 Nonni
450 3019 624 3099 extremis,
659 3019 713 3103 qui
752 3017 1008 3103 Byzantinorum
1050 3019 1251 3102 temporibus

116 3121 212 3201 vixit,
247 3121 287 3185 de
318 3122 445 3184 Paulo
471 3121 710 3186 Silentiario
742 3123 905 3206 copiosius
935 3143 1112 3206 exponere.
1143 3107 1250 3186 'Nam

116 3245 312 3308 quamquam
341 3226 401 3288 viri
433 3225 534 3304 docti,
565 3247 637 3288 cum
667 3225 775 3287 Nonni
805 3231 907 3288 artem
938 3225 1106 3288 metricam
1138 3225 1250 3289 obser-

117 3335 242 3407 varent,
278 3329 360 3391 alius
397 3328 459 3390 alio
493 3328 565 3391 loco
597 3327 638 3391 de
670 3328 772 3391 Paulo
805 3348 933 3413 quoque
962 3329 1067 3390 obiter
1098 3334 1194 3413 atque
1218 3330 1251 3392 in

117 3437 306 3494 transcursu
337 3437 489 3515 egerunt,
520 3431 681 3515 quomodo
706 3431 853 3515 magistri
876 3433 967 3515 leges
993 3438 1124 3495 secutus
1151 3439 1250 3513 esset,

116 3543 226 3600 tamon
250 3558 346 3600 nemo
370 3536 487 3616 adhuc,
513 3542 634 3621 quanta
664 3541 752 3600 esset
774 3537 859 3599 inter
881 3533 1034 3599 Nonnum
1058 3543 1091 3599 et
1113 3536 1251 3600 Paulum

117 3641 205 3704 etin
231 3646 299 3703 arte
323 3641 458 3703 metrica
482 3645 515 3704 et
538 3640 570 3703 in
596 3660 745 3703 sermone
762 3639 893 3722 poetico
913 3639 1130 3721 necessitudo,
1154 3662 1250 3703 accu-

116 3750 187 3806 rate
202 3743 381 3827 descripsit,
404 3750 460 3806 aut
477 3742 666 3826 diligentius
680 3741 863 3827 quaerendo
882 3741 922 3805 de
940 3743 1099 3825 poematis
1115 3763 1134 3804 a
1149 3742 1252 3807 Paulo

115 3846 260 3926 traditis,
293 3847 333 3909 do
366 3867 504 3930 magnae
533 3847 693 3910 ccclesiae
724 3846 941 3930 descriptione
971 3850 1003 3906 et
1030 3845 1250 3932 Anthologiae

116 3951 287 4014 Palatinae
302 3951 556 4036 epigrammatis,
574 3950 748 4035 imaginem
764 3949 858 4012 huius
872 3952 988 4033 poetae
1001 3968 1095 4031 quam
1110 3951 1251 4015 maxime

115 4053 295 4138 perfectam
320 4055 504 4138 exprimere
530 4059 664 4116 conatus
689 4058 748 4116 est.
