2774 4724
518 254 793 353 919-

116 461 174 525 Pr.
200 459 434 546 Spitnnerus
458 462 594 548 protulit
624 463 737 527 libello
760 462 933 527 admodum
961 484 1049 545 rare,
1079 484 1176 548 quem
1199 463 1249 527 in-

116 566 249 651 scripsit
293 567 520 630 observationes
559 564 689 629 criticae
721 566 895 630 maximnm
920 572 1050 647 partem
1082 568 1119 631 irc
1152 565 1252 630 Poul'

114 668 296 733 Silente'crii
317 671 555 751 descriptionem
578 690 710 752 magnete
732 669 879 734 ecclesiae
899 670 1043 754 (Erfurt.
1068 673 1178 753 1823).

204 773 431 859 compositum
465 775 564 860 igitur
597 780 649 838 est
684 774 747 837 hoc
778 773 874 837 Pauli
903 795 1034 839 carmen
1065 774 1105 838 de
1133 795 1253 859 magna

115 877 172 940 illa
196 877 347 957 ecclesia,
370 879 461 942 cuius
486 877 527 942 dc
551 877 758 942 restitutione
782 878 986 963 quam-bene
1006 879 1139 941 meritus
1164 882 1253 942 esset

115 981 186 1064 ipse
207 979 411 1046 Iustinianus
441 982 635 1066 imperator,
664 981 698 1044 in
726 981 831 1066 prima
860 982 957 1045 huius
988 982 1136 1068 opusculi
1159 986 1252 1067 parte

116 1085 338 1169 exposuimus.
385 1084 478 1158 Quae
509 1091 643 1171 propter
672 1086 789 1149 merita
816 1085 904 1149 haud
933 1085 1137 1166 mirabimur,
1166 1084 1253 1168 quod

116 1188 256 1252 eandem
281 1187 398 1253 aedem
421 1188 646 1274 Procopius
671 1209 801 1273 quoque
821 1190 974 1253 tractavit
996 1190 1030 1252 in
1045 1189 1147 1269 libris,
1171 1209 1253 1273 quos

118 1291 314 1374 conscripsit
351 1291 392 1355 de
428 1291 586 1356 aedificiis
621 1313 641 1356 a
669 1291 850 1355 Iustiniauo
885 1292 1060 1356 exstructis
1075 1289 1117 1375 l),
1149 1293 1253 1378 primo

116 1394 247 1478 quidem
268 1395 367 1458 totius
390 1396 496 1481 operis
514 1395 631 1481 eapite.
666 1394 755 1467 Quos
773 1396 968 1482 quicumque
984 1395 1132 1481 quamvis
1150 1397 1254 1461 obiter
1326 1403 1331 1414 '

116 1498 315 1583 inspexerit,
339 1499 517 1583 praecipue
549 1500 746 1584 compositos
774 1519 846 1562 esse
875 1499 916 1564 ad
939 1500 1125 1584 augendam
1148 1501 1253 1585 impe-

116 1602 232 1664 ratoris
253 1602 400 1686 gloriam,
419 1603 528 1666 statim
549 1601 766 1687 intelleget2).
807 1602 923 1688 Itaque
937 1604 1013 1688 quia
1027 1603 1171 1688 aequalis
1186 1603 1256 1666 fere

116 1704 212 1767 Pauli
236 1707 340 1769 nostri
364 1706 598 1771 (laesarcensis
622 1708 678 1771 illc
702 1707 781 1788 fuit,
812 1707 1071 1773 necessitudines
1096 1706 1254 1791 quasdem

116 1809 203 1871 inter
216 1808 297 1870 duas
310 1809 383 1872 illas
401 1808 639 1896 descriptiones
657 1816 787 1874 exstare
804 1832 914 1897 perse
932 1811 1103 1897 probabile
1116 1809 1254 1875 videtur.

118 1911 170 1975 De
187 1913 313 1996 quibus,
329 1914 517 1998 priusquam
535 1912 696 1999 adipsum
714 1914 865 1977 carminis
882 1913 1012 1977 Paulini
1026 1920 1254 1998 argumentum

118 2016 338 2080 enarrandum
368 2016 556 2100 adgrediar,
587 2017 686 2102 paulo
715 2018 898 2081 accuratius
929 2017 1125 2080 sententiam
1148 2038 1255 2082 meam

119 2119 268 2206 proferre
292 2118 413 2185 licebit.
457 2119 542 2184 Nam
559 2141 755 2205 quamquam
780 2120 820 2184 de
843 2122 913 2206 ipsa
935 2120 997 2184 hac
1019 2141 1053 2183 re
1077 2121 1142 2183 iam
1165 2126 1255 2184 recte

118 2223 297 2286 iudicatum
330 2230 382 2287 est
410 2245 430 2286 a
459 2223 652 2287 Kortuemio
680 2224 700 2288 l.
723 2225 743 2287 l.
775 2245 806 2309 p.
830 2223 880 2304 X,
912 2231 1023 2288 tamen
1053 2224 1151 2287 etiam
1181 2223 1254 2287 dili-

120 2328 250 2410 gentius
282 2327 502 2411 comparanda
525 2348 597 2391 esse
619 2326 772 2412 Procopii
801 2334 835 2392 et
857 2327 952 2392 Pauli
976 2328 1078 2392 verba
1101 2326 1254 2411 equidem

120 2430 283 2495 existima.
328 2431 474 2494 Primum
501 2431 600 2516 igitur
626 2430 720 2494 nobis
752 2430 973 2516 quaerendum
997 2437 1062 2512 est,
1094 2436 1169 2495 utra
1191 2431 1256 2494 utri

118 2534 293 2599 antecedat
317 2540 425 2599 aetate
449 2534 636 2620 descriptio,

208 2636 312 2701 Orsus
334 2637 512 2723 Procopius
543 2637 585 2702 ab
613 2637 771 2702 incendiis
800 2637 879 2716 illis,
915 2636 1032 2721 quibus
1061 2637 1200 2701 ecclesia
1223 2638 1256 2700 in

121 2741 281 2804 seditione
298 2741 505 2804 Prasinorum
517 2746 587 2806 tota
597 2742 666 2806 fere
682 2742 716 2804 in
733 2741 859 2805 eineres
875 2739 1008 2804 redacta
1024 2745 1073 2804 est
1085 2738 1140 2826 (cf.
1157 2760 1256 2826 supra

117 2867 148 2930 p.
159 2845 204 2927 2),
223 2865 295 2908 cum
315 2844 397 2908 duos
411 2845 606 2910 architectos
619 2844 831 2909 Anthemium
844 2849 877 2907 et
887 2843 1058 2920 Isidorum,
1073 2845 1127 2929 qui
1141 2843 1255 2908 aedem

118 2947 225 3011 denuo
249 2953 490 3029 exstruxerant,
513 2953 583 3012 tum
607 2948 811 3034 imperatoris
834 2947 937 3033 ipsius
961 2952 1103 3012 mentem
1128 2948 1255 3011 eximiis

118 3057 214 3115 ornat
230 3053 394 3134 laudibus,
419 3054 493 3137 quia
507 3053 595 3117 viros
621 3052 680 3116 tali
695 3072 830 3116 munere
851 3058 918 3116 tam
933 3052 1070 3117 idoneos
1086 3052 1256 3137 delegerit.

118 3154 203 3218 Tum
219 3155 386 3238 ingentem
403 3156 516 3240 templi
532 3155 747 3237 altitudinem,
770 3155 857 3219 unde
874 3156 958 3219 sicut
979 3177 1021 3220 ex
1038 3158 1105 3220 alta
1121 3157 1256 3242 specula

117 3263 220 3323 totam
234 3258 347 3322 urbem
361 3259 535 3344 adspicias,
554 3265 587 3324 ct
600 3265 711 3345 aptam
725 3259 932 3324 latitudinem
943 3259 1256 3345 longitudinemque,

120 3382 217 3446 quae,
242 3381 305 3445 qua
328 3362 392 3424 sint
413 3363 635 3448 proportione,
652 3363 773 3447 optime
790 3363 951 3448 quadrent
974 3363 1015 3427 ad
1037 3369 1140 3427 totum
1164 3364 1253 3427 aedi-

117 3463 245 3543 ficium,
274 3469 307 3526 ct
334 3465 501 3528 columnas
533 3465 567 3529 in
596 3465 668 3549 ipsa
698 3465 780 3530 aede
809 3466 933 3551 positas
967 3472 1000 3530 ct
1022 3487 1158 3551 magnas
1182 3468 1255 3530 illas

118 3572 274 3652 quattuor
303 3567 386 3652 pilas
417 3568 586 3649 describit,
618 3569 736 3653 quibus
760 3569 865 3633 innixi
889 3575 1041 3654 quattuor
1063 3591 1158 3634 arcus
1181 3570 1255 3634 iun-

119 3672 273 3736 damenta
295 3673 477 3756 praebeant
510 3693 635 3737 summo
660 3673 761 3738 tholo.
806 3673 900 3738 Haec
924 3675 1031 3739 omnia
1054 3696 1073 3739 a
1095 3673 1255 3759 Procopio

118 3775 272 3840 maximis
297 3775 448 3840 laudibus
465 3777 655 3841 efferuntur.
701 3776 817 3860 Neque
834 3797 1030 3862 quemquam
1055 3777 1148 3857 scire,
1172 3798 1255 3861 quac

118 3881 224 3964 prima
254 3881 494 3966 contempletur
523 3885 580 3945 aut
607 3900 691 3965 quac
722 3885 798 3944 ante
828 3886 939 3945 cetera
962 3879 1150 3946 admiretur.
1201 3879 1256 3944 sic

117 3982 159 4046 de
182 3982 325 4066 pilarum
348 3988 521 4061 structura,
554 3981 593 4044 de
622 3981 809 4066 ligamentis
836 3981 978 4065 pilarum
1008 3980 1132 4065 lapides
1157 4004 1255 4069 eoag-

118 4085 353 4168 mcntantibus,
370 4086 411 4150 de
427 4107 526 4152 aureo
540 4107 689 4151 camerac
701 4085 840 4169 fulgore,
857 4084 898 4149 de
914 4105 1110 4150 marmorum
1127 4089 1256 4153 aemulo

209 4257 230 4325 ¹)
249 4253 312 4328 περὶ
329 4257 489 4326 κτισμάτων
506 4256 572 4325 βίβλ.
592 4273 607 4316 ς
626 4256 705 4324 (edit.
722 4255 810 4309 Bonn.
830 4254 885 4310 vol.
903 4255 963 4322 III).

207 4343 229 4411 ²)
248 4342 308 4396 Hoc
340 4359 373 4397 ex
404 4343 468 4413 ipsa
494 4343 623 4413 Procopii
652 4342 827 4412 praefatione
855 4341 920 4410 (vol.
943 4342 983 4396 ΙΙΙ
1001 4341 1053 4395 170
1071 4342 1142 4410 sqq.)
1172 4342 1257 4411 plane

116 4430 247 4500 apparet.

1086 4507 1128 4557 (Σὲ
