2774 4724
567 284 793 343 --10274

121 451 312 538 Composita
343 458 452 517 autem
481 458 530 516 est
559 452 641 518 haec
673 453 777 537 figura
808 474 849 517 ex
877 451 1036 516 Nonnicis
1066 451 1256 525 elementis;

117 554 255 620 Nonnus
279 556 366 621 enim
389 559 419 637 9,
436 559 498 620 235
521 549 632 635 εἴξατέ
651 580 710 640 μοι
734 557 767 620 in
782 556 884 637 initio,
909 559 960 636 39,
976 559 1017 619 66
1041 549 1149 635 εἴξατε
1171 549 1257 639 θύρ-

118 679 173 723 σοι
195 658 234 733 in¹
251 659 316 724 fine
340 677 454 724 versus
477 659 594 745 posuit.
629 734 631 739 ¹
876 664 879 671 '

207 759 305 846 Apud
327 760 654 842 Christodorum,
684 763 739 848 qui
761 763 887 850 etipse
914 762 973 827 sub
997 760 1177 827 Anastasio
1201 784 1255 827 ec-

121 863 254 948 phrasin
278 885 369 928 suam
387 864 527 949 scripsit,
552 866 656 929 solum
678 885 809 935 versum
826 866 887 929 378
904 865 999 930 Pauli
1016 863 1125 930 versui
1140 863 1175 929 II
1193 867 1255 929 598

119 967 319 1053 persimilem
344 988 418 1032 esse
441 967 518 1033 vidi.
600 1034 602 1041 ,

166 1069 243 1150 (thr.
257 1073 335 1137 378:
355 1063 536 1156 Ἡρόδοτος
550 1065 731 1155 πολύιδρις,
748 1059 785 1149 ὃς
800 1064 946 1157 ὠγυγίαν
961 1067 1039 1136 κλέα
1053 1064 1172 1156 φώτων
1187 1070 1255 1135 κτλ.

162 1174 200 1241 Ρ.
213 1173 337 1253 11598:
355 1168 535 1257 πάνταμὲν
546 1167 693 1260 ὠγομίων
705 1171 807 1239 τεκαὶ
821 1167 1007 1259 ὁπλοτέρων
1018 1171 1096 1239 κλέα
1108 1167 1255 1257 μόχθων.

206 1275 360 1342 Carmina
374 1281 544 1363 poetarum
568 1278 708 1358 illorum,
732 1276 787 1362 qui
809 1281 883 1362 po'st
898 1277 1052 1342 Nonnum
1071 1277 1255 1341 floruerunt

119 1401 179 1444 ncc
207 1380 321 1467 procul
349 1381 468 1446 absunt
495 1380 631 1445 aPauli
660 1379 879 1466 temporibus,
910 1379 1013 1445 Paulo
1045 1386 1124 1444 nota
1152 1379 1256 1444 fuisso

123 1505 181 1570 par
213 1505 249 1548 se
279 1483 445 1568 probabile
469 1490 546 1564 eat,
582 1483 743 1568 exemplis
772 1489 889 1548 cutem·
909 1506 937 1549 ,a
967 1504 1018 1548 me
1046 1481 1165 1547 adlatis
1194 1482 1256 1546 hoc

121 1585 379 1666 demonstratum
395 1599 477 1650 'esse
492 1592 624 1671 propter
640 1606 753 1661 eorum
768 1587 975 1671 paucitatem
988 1587 1060 1674 ipse
1082 1605 1150 1651 non
1165 1591 1256 1670 puto.

207 1689 275 1755 Sed
297 1711 370 1755 cum
393 1689 443 1753 his
467 1710 510 1754 ex
526 1689 812 1764 observationibus
829 1688 952 1754 fructus
963 1692 1033 1753 vuon
1055 1688 1103 1752 ita
1118 1709 1257 1773 magnos

119 1793 376 1880 perceperimus,
399 1793 504 1878 magis
528 1793 669 1857 fortasse
693 1792 863 1857 adlicimur
886 1793 951 1858 alia
966 1793 1158 1879 quaestione
1181 1812 1257 1876 pro·

120 1897 272 1983 ponenda
294 1896 334 1962 dc
350 1895 605 1977 necessitudine,
629 1916 713 1981 quae
729 1895 815 1960 inter
836 1895 1043 1961 Musaeum
1067 1901 1100 1960 et
1115 1895 1257 1960 Paulum

119 2006 179 2066 est.
225 2001 468 2080 Poetamillum
485 1999 651 2081 carminis,
674 1998 761 2085 quod
782 1994 846 2081 „cd
868 2000 948 2064 καθ’
964 1993 1056 2084 Ἥρω
1071 1997 1129 2064 καὶ
1143 1996 1257 2064 Λέαν-

120 2088 217 2188 ὃρσν“
240 2103 439 2179 inscribitur,
463 2107 538 2167 ante
559 2100 732 2165 Iustiniani
752 2108 901 2187 tempora
915 2101 1060 2186 viguisse
1083 2101 1145 2166 viri
1168 2102 1258 2168 docti

120 2212 237 2292 putare
261 2206 381 2282 solent3
405 2206 514 2290 itaque
537 2203 716 2289 Agathiam
740 2210 774 2269 et
788 2205 927 2269 Paulum
950 2203 1013 2269 hoc
1035 2225 1154 2290 poema
1178 2226 1258 2290 cog·

120 2310 251 2374 novisse
267 2309 442 2374 verisimile
460 2313 519 2373 est.
553 2307 598 2373 Et
613 2307 723 2373 attulit
736 2307 768 2373 N
770 2307 937 2373 iebuhrius
953 2306 1116 2392 Agathiae
1136 2309 1258 2390 locum,

121 2433 185 2497 quo
217 2413 355 2498 scriptor
384 2411 588 2497 Byzantinus
619 2411 659 2476 ad
689 2411 859 2477 Musaeum
892 2417 1064 2497 spectaret.
1119 2409 1259 2496 Legitur

121 2516 208 2595 enim
225 2516 311 2601 apud
327 2516 417 2579 illum
433 2515 507 2581 hist.
519 2515 619 2578 Vra:
635 2511 668 2582 oi
684 2512 720 2580 δὲ
733 2503 849 2581 Οῧννοι
865 2551 906 2562 -
921 2507 1047 2600 ἀθρόον
1061 2509 1258 2580 κατεδύοντο

120 2616 153 2683 ἐν
175 2621 223 2706 τῷ
244 2614 358 2716 βάθει,
371 2616 427 2685 καὶ
443 2614 603 2706 ἔθνησκον
624 2610 822 2707 ἀχρήστου
842 2619 971 2684 ποτοῦ
995 2612 1256 2701 ἐμπιπλάμενοι.

121 2719 171 2788 cf.
193 2721 277 2787 Mus.
301 2723 380 2786 328:

205 2823 262 2907 καὶ
285 2821 411 2893 ποτὸν
433 2818 658 2917 οἰχρήιστοκΙ
677 2817 906 2908 ἀμαιμακέτου
924 2820 1006 2895 πίεν,
1027 2817 1141 2913 ἅλμης.

121 2927 181 2992 Oui
204 2930 276 2993 loco
300 2928 575 3013 Bernhardyus1)
599 2914 664 2993 alia
680 2928 844 3013 Agathiae
866 2928 967 2993 verba
988 2927 1148 3009 adiunxit,
1171 2948 1258 3014 quae

122 3033 214 3116 quasi
237 3033 347 3109 furtim
363 3034 526 3117 respicere
550 3032 592 3098 ad
608 3053 740 3101 carmen
756 3031 843 3097 illud'
856 3026 1100 3118 ἐρωτικώτατον
1115 3032 1256 3117 putavit.

120 3135 281 3219 Agathias
305 3135 379 3201 hist.
402 3137 434 3200 V
452 3139 491 3199 12
520 3142 645 3200 narrat:
676 3129 801 3220 Σηστὸς
827 3132 864 3220 γε’
888 3132 959 3203 ἐστι
988 3128 1088 3213 πόλις
1110 3128 1136 3223 ἡ
1160 3157 1258 3219 περι·

119 3231 259 3323 λάλητος
281 3238 327 3325 τῇ
350 3233 495 3326 Ιποιήσει
525 3237 582 3303 καὶ
613 3231 817 3323 ὀνομαστιλτν,Ι
852 3231 911 3305 οὐκ
939 3230 1039 3302 ἄλλοι
1072 3238 1131 3302 τοῦ
1162 3235 1258 3303 ἕνεκα

120 3332 216 3424 οἶμαι
239 3333 262 3428 ip'
282 3337 381 3424 μόνον
403 3339 462 3407 ε’πὶ
483 3342 531 3429 τῷ
545 3336 648 3427 λύχνῳ
670 3342 728 3427 τῆς
739 3335 859 3426 Ἡροῦς
870 3336 1000 3426 ,ἐκείνης
1021 3341 1081 3430 τῆς
1096 3336 1260 3427 Σηστίδος

119 3440 176 3509 καὶ
203 3444 251 3531 τῷ
272 3439 445 3531 Λεάνδρου
475 3440 572 3530 ἔρωτι
598 3442 656 3510 καὶ
677 3438 825 3531 θανάτῳ.
871 3443 924 3509 Ad
947 3445 1032 3509 banc
1056 3445 1259 3509 sententiam

122 3547 220 3612 etiam
249 3546 401 3612 Erwinus
429 3547 583 3633 Rohde²)
617 3549 771 3629 accessit,
806 3549 860 3633 qui
894 3547 936 3614 ad
963 3546 1092 3612 Musaei
1124 3569 1260 3613 carmen

120 3651 252 3715 fabulae
284 3650 455 3716 Sestiacae
485 3653 606 3725 famam
636 3651 853 3723 revocandam
888 3672 963 3716 esse
989 3651 1131 3732 censuit,
1159 3672 1259 3736 quam

120 3758 321 3819 testarentur
335 3755 482 3819 nonnulli
499 3777 585 3821 saec.
603 3778 634 3841 p.
647 3754 722 3819 cor.
735 3775 768 3818 n.
778 3754 837 3819 VI.
853 3758 973 3839 poetae
989 3753 1260 3840 epigrammatici.

120 3856 169 3921 Of.
193 3857 381 3942 Agathiam,
405 3858 460 3942 qui
483 3858 523 3923 A.
539 3858 577 3925 P.
606 3859 637 3923 V
652 3860 758 3939 263,3
780 3878 827 3947 sq.
855 3857 1000 3945 puellam
1022 3857 1070 3921 ita
1091 3857 1261 3922 lucernam

120 3959 349 4046 adloquentem
371 3959 465 4024 facit:

279 4055 330 4128 ἀεὶ
354 4057 392 4127 οὐ
417 4059 571 4149 φθονέεις
592 4064 632 4149 τῇ
653 4059 882 4148 Κεπρίδι-καλ
905 4058 966 4149 γὰρ
989 4057 1045 4130 ὅθ’
1064 4057 1156 4151 Ἥρολ

349 4161 473 4252 ἥρμοσε
494 4159 714 4253 Λειολνδρρι..
737 4162 828 4251 θυμὲ
848 4159 887 4231 τὸ
910 4160 1030 4232 λοιπὸν
1052 4161 1101 4233 ἔα.

120 4273 150 4281 —
172 4273 355 4383 ω’)θιιστλι
374 4319 521 4390 Dittpescb.
542 4320 592 4372 ¹ll
612 4320 635 4384 1,
654 4337 681 4387 p.
693 4319 753 4375 405.

196 4405 218 4468 ²)
241 4404 348 4461 Gabala.
365 4406 484 4462 Borean
502 4426 530 4479 p.
541 4407 594 4463 136
603 4426 645 4478 sq.
662 4405 728 4461 adn.
