2774 4724
603 264 814 323 -21...

135 430 246 492 statim
277 432 470 512 negabimus
495 432 653 496 curiosius
684 437 873 516 comparata
907 439 1045 518 utraque
1076 435 1272 498 narratione.

134 532 313 618 Procopius
338 535 424 598 enim
449 535 607 598 accidisse
631 535 704 599 illas
729 534 934 598 calamitates
958 536 1022 598 iam
1047 537 1095 600 eis
1116 538 1272 621 tempori-

134 637 215 717 bus,
249 638 366 721 quibus
397 639 580 703 aedilicium
615 638 757 702 nondum
786 639 911 702 finitum
943 645 1048 720 esset,
1079 639 1201 704 diserte
1236 663 1274 705 ac

133 741 231 825 plane
263 740 357 816 dioit;
388 741 427 807 cl.
462 763 545 826 qnae
579 741 619 805 de
654 762 733 806 arcu
771 746 1065 805 commemorantur
1098 764 1129 827 p.
1149 745 1223 824 180,
1243 747 1273 807 4.

134 843 262 906 Deinde
279 844 473 930 aProcopio
491 844 641 908 audimus
658 845 757 908 etiam
774 844 855 908 duos
873 845 955 908 alios
972 866 1066 908 arcus
1082 846 1115 908 in
1135 845 1272 910 eandem

134 947 289 1012 incidisse
319 948 555 1022 calamitatem,
586 947 626 1011 de
657 947 774 1032 quibus
804 946 890 1034 apud
913 948 1051 1011 Paulum
1084 951 1272 1013 nomentio

134 1050 266 1134 quidem
299 1050 345 1113 fit.
398 1050 553 1130 Accedit,
584 1051 670 1135 quod
704 1051 790 1137 apud
821 1051 1020 1136 Procopium
1056 1074 1120 1116 non
1153 1053 1274 1136 legitur

133 1160 367 1220 terraemotus
385 1178 500 1220 causas
516 1158 654 1242 periculi
669 1158 781 1235 luisse,
807 1158 861 1243 qui
878 1157 1007 1221 etiamsi
1025 1179 1089 1220 non
1107 1159 1273 1244 expressis

134 1259 245 1323 verbis
280 1280 300 1322 a
327 1260 431 1324 Paulo
464 1260 686 1342 declarantur,
721 1267 831 1324 tamen
864 1282 907 1325 ex
934 1261 1083 1327 versibus
1112 1260 1272 1326 155-58

134 1364 213 1426 satis
243 1363 490 1448 intelleguntur.
540 1365 655 1450 Neque
686 1365 772 1428 enim
804 1370 935 1448 egomet
968 1371 1047 1450 puto
1071 1365 1211 1429 Paulum
1240 1365 1273 1428 id

133 1472 260 1529 tantum
291 1468 415 1550 egisse,
451 1475 486 1531 ut
520 1469 568 1532 eis
607 1453 732 1531 ruinam
763 1468 852 1531 illam
880 1467 913 1531 in
944 1468 1048 1531 maius
1081 1468 1271 1542 extolleret;

133 1590 209 1632 nam
233 1591 429 1655 quamquam
446 1571 747 1634 immoderationem
770 1570 924 1634 narrandi
945 1575 1172 1656 tumoremque
1197 1593 1269 1635 ver-

132 1672 259 1752 borum,
283 1694 366 1757 quae
383 1675 515 1759 propria
532 1679 607 1737 sunt
622 1679 790 1758 poetarum
807 1673 838 1736 N
840 1674 1063 1753 onnianorum,
1080 1675 1269 1759 neutiquam

131 1774 261 1858 ignoro,
292 1782 402 1840 tamen
431 1777 482 1840 his
513 1776 621 1841 verbis
655 1782 762 1840 terrae
798 1780 907 1839 motus
936 1775 1080 1839 describi
1111 1776 1271 1841 contendo

132 1877 164 1960 (Ι
181 1881 222 1940 52
241 1877 339 1963 sqq.):

262 1975 324 2068 ἤδη
346 1980 405 2065 μὲν
428 1983 640 2068 σθεναροῖσιν
662 1978 890 2065 ε’ντεμβεβαυῖα
912 1977 1083 2064 θεμείλοις

265 2081 406 2173 σφαίρης
429 2080 608 2172 ἦμιτόμοιο
630 2078 793 2171 κατήριπε
815 2080 973 2161 θέσκελος
996 2077 1103 2163 ι’ίντοξ,

265 2183 472 2271 μοστιπόλον
496 2181 523 2252 δ’
549 2183 692 2266 ἐτίναξεν
714 2183 850 2251 ἐδέθλια
872 2181 983 2251 ττοίντα
1005 2181 1184 2271 μελάθρου,

265 2286 375 2357 πάντα
398 2285 424 2357 d'
451 2287 683 2379 ἕτεεσκίρτησεν
705 2288 738 2354 ἐν
761 2282 857 2354 α’στεϊ
877 2284 991 2377 βάθρα
1013 2286 1199 2374 θεμείλιον·

262 2399 342 2480 μαῖα
366 2389 393 2460 d'
418 2390 667 2476 ὕπεστενοίχιζεν
690 2391 747 2458 ἐπὶ
770 2388 892 2478 χρόνον,
916 2386 1043 2481 ηερίαις
1066 2391 1102 2458 δὲ

263 2497 441 2586 μισγομίνη
465 2497 634 2587 νεφέλῃσιν
656 2492 856 2585 ὁμιχλήεσσα
879 2494 971 2585 κονίη

263 2595 414 2690 οὐρανίης
437 2595 613 2688 ἀμάρυγμα
635 2602 856 2688 μεσημβρινὸν
877 2596 1014 2666 ἔσκεπεν
1037 2595 1167 2688 αίθρης.

220 2709 323 2774 Plane
346 2716 456 2775 autem
480 2715 577 2795 atque
600 2709 743 2772 dilucide
760 2708 980 2794 Theophanes
1004 2708 1058 2793 (cf.
1076 2730 1174 2794 snpra
1188 2709 1270 2794 pu)

132 2818 166 2876 et
189 2811 351 2897 Agathias
376 2815 441 2878 V9
466 2813 505 2877 de
529 2813 672 2877 motibus
694 2813 760 2876 illis
783 2813 896 2876 ruinae
917 2813 1025 2876 causis
1041 2813 1188 2877 referunt
1210 2834 1271 2877 nec

130 2917 231 2980 aliam
261 2918 293 2980 in
321 2923 430 2981 mente
462 2917 584 2981 habent
612 2917 738 2980 ruinam
772 2936 868 2999 quam
896 2916 1028 2980 Paulus.
1082 2916 1192 3001 Atque
1228 2938 1270 2981 ne

129 3020 196 3083 hoc
239 3020 367 3104 quidem
413 3021 543 3085 silentio
579 3025 826 3106 praetereamus
860 3018 1074 3083 Anthemium
1108 3020 1173 3083 iam
1206 3041 1272 3084 non

130 3124 268 3201 vixisse,
293 3146 366 3189 cum
389 3126 576 3189 restitutum
601 3130 650 3188 est
672 3124 830 3209 templum
853 3129 929 3208 post
951 3125 1093 3204 ruinam,
1122 3124 1179 3188 sed
1202 3130 1270 3188 tum

130 3227 297 3292 Isidorum
315 3230 420 3293 solum
436 3230 620 3315 praefuisse
638 3228 867 3293 aedificationi.
912 3226 985 3291 Hoc
1008 3228 1095 3292 enim
1110 3227 1271 3313 Agathias

128 3338 279 3398 testatur
301 3332 321 3399 l.
338 3334 359 3396 l.
382 3356 413 3418 p.
429 3335 503 3413 295,
523 3332 609 3417 19¹1).
654 3331 738 3395 Tum
761 3336 871 3395 autem
896 3352 968 3395 cum
991 3331 1077 3416 pilae
1093 3331 1271 3395 labefacta·

129 3440 264 3516 bantur,
287 3436 328 3500 de
352 3435 469 3522 quibus
492 3436 671 3521 Procopius
695 3440 816 3514 narrat,
838 3434 922 3499 vixit
939 3434 1146 3516 Anthemius,
1169 3441 1206 3498 ut
1229 3455 1271 3498 ex

127 3542 185 3607 his
201 3540 355 3625 Procopii
379 3540 486 3604 verbis
504 3545 610 3625 patet:
634 3535 667 3604 oi
689 3536 748 3622 μὲν
772 3526 828 3603 οὖν
850 3530 939 3625 ἀμφί
959 3561 995 3602 τε
1017 3531 1074 3602 τὸν
1092 3530 1272 3620 Ἀνθέμιον

127 3643 192 3714 καὶ
211 3637 378 3730 Ἰσίδωρον
400 3645 447 3730 (p.
467 3646 568 3725 180,8
592 3645 642 3708 ed.
666 3642 798 3728 Bona).

223 3749 316 3822 Quae
339 3748 447 3813 omnia
476 3748 503 3811 si
525 3747 695 3813 nobiscum
719 3748 1027 3832 computaverimus,
1051 3747 1214 3811 neminem
1236 3747 1271 3810 in

125 3853 268 3921 dubium
291 3859 481 3916 vocaturum
511 3874 585 3917 esse
614 3873 724 3937 sporn,
756 3852 941 3936 quinquae
973 3850 1060 3914 facta
1092 3851 1271 3935 Procopius

124 3956 311 4025 memoriae
335 3955 467 4020 tradidit
493 3956 690 4021 antecedant
709 3954 887 4018 calamitati
910 3975 929 4017 a
951 3954 1053 4018 Paulo
1077 3953 1269 4040 descriptae.

222 4058 290 4124 sed
313 4059 412 4123 etiam
437 4061 565 4147 scripsit
588 4059 767 4144 Procopius
791 4063 867 4121 ante
891 4058 980 4121 illam
999 4057 1166 4122 orientalis
1190 4057 1271 4122 tholi

119 4166 278 4238 ruinam;
307 4183 383 4226 narn
406 4170 633 4247 argumentum
657 4184 700 4226 ex
722 4161 866 4242 silentio,
892 4163 964 4241 etsi,
988 4182 1087 4245 quam
1107 4161 1284 4223 lubricum

116 4269 340 4286 Ρ..

224 4300 245 4366 ¹)
265 4297 358 4351 Καίτοι
374 4294 514 4368 Ἀνθέμιος
535 4299 590 4368 μὲν
611 4298 641 4353 ἐκ
665 4297 798 4353 πλείστου
817 4292 1151 4368 ἐτεθνήκει,’,1οἰδιιιρος
1169 4288 1204 4336 δὲ
1223 4280 1322 4329 ³³¹*ssssss

114 4388 172 4447 καὶ
197 4387 225 4438 οἱ
240 4382 313 4437 ἄλλοι
327 4385 516 4454 μηχανοποιοὶ
534 4388 592 4442 κτλ.
