2774 4724
578 300 790 361 -73-

120 469 404 534 animadvertimus
429 471 651 555 correptiones
674 470 708 533 in
724 470 830 555 priore
855 469 939 533 thesi
962 469 1055 556 pedis
1071 468 1135 534 ΙΠ.
1150 475 1183 532 et
1199 469 1251 550 V,

119 594 250 656 quorum
267 595 425 638 caesurae
448 574 554 638 trech.
571 580 692 658 quanta
715 576 780 637 sint
797 574 981 657 frequentia
1000 572 1085 658 apud
1101 572 1252 652 Paulum,

120 698 214 761 snpra
238 676 461 741 intelleximus
518 677 585 742 Sed
615 699 673 742 cur
700 677 815 741 eadem
837 677 892 742 lex
915 698 979 740 non
1004 676 1099 740 cadat
1123 677 1155 739 in
1181 699 1251 740 cor-

121 781 283 865 reptiones
307 781 341 843 in
364 782 469 845 altera
485 781 607 867 dactyli
630 781 717 845 thesi
741 780 876 866 positas,
900 802 952 844 me
976 780 1106 865 quidem
1127 781 1251 843 nescire

121 883 284 946 confiteor.
330 884 454 948 Paulus
478 885 538 949 hac
562 887 769 970 correptione
793 885 896 947 utitur
918 886 950 947 in
975 884 1058 969 pede
1075 884 1132 950 IV.
1158 890 1191 948 et
1213 884 1251 962 I,

119 988 139 1051 i.
164 1009 191 1051 e.
215 993 291 1052 ante
321 988 506 1053 bucolicam
538 990 769 1053 creberrimam
801 994 835 1052 et
862 993 938 1052 ante
969 988 1132 1052 diaeresin
1155 988 1251 1072 primi

119 1090 221 1176 pedis,
243 1112 326 1176 quac
343 1092 461 1176 etipsa
477 1092 752 1156 usitatissimaest
769 1092 824 1176 (cf.
838 1113 868 1176 p.
880 1095 944 1167 47).
990 1091 1107 1175 Itaque
1124 1092 1253 1156 etiamsi

118 1193 272 1274 Neurus,
307 1216 371 1279 qua
404 1201 475 1258 erat
505 1196 695 1275 severitate,
731 1195 814 1259 hanc
851 1195 1089 1279 correptionem
1120 1195 1250 1258 omnino

119 1320 222 1384 paone
251 1299 390 1363 removit
418 1320 460 1362 ex
489 1300 698 1378 hexametro,
723 1304 832 1362 tamen
856 1320 921 1362 non
945 1303 1024 1377 erat,
1050 1319 1106 1361 cur
1130 1298 1251 1361 Paulus

119 1402 152 1465 in
169 1403 349 1487 posteriore
366 1403 451 1466 thesi
468 1403 610 1467 sibinen
626 1411 824 1489 proponeret
840 1402 976 1465 eandem
992 1402 1098 1485 legem
1112 1422 1251 1485 sequen-

119 1505 207 1587 dam,
239 1529 304 1591 qua
331 1508 494 1592 correptio
521 1509 554 1571 in
586 1509 693 1594 priore
724 1508 810 1571 thesi
833 1506 1093 1592 permittebatur.
1137 1505 1251 1589 Neque

119 1611 211 1675 huius
232 1610 342 1675 Nonni
365 1611 583 1676 abstinentiae
608 1633 725 1675 causas
747 1611 908 1695 quaesivit
926 1609 1172 1687 Scheindlerus,
1195 1609 1251 1673 sed

118 1721 218 1780 totum
247 1736 283 1779 se
306 1714 484 1800 adplicavit
506 1715 547 1778 ad
570 1714 774 1793 Hartelium,
798 1714 852 1797 qui
875 1714 907 1776 in
934 1712 1017 1777 stud.
1043 1712 1207 1776 Homeris.
1224 1713 1251 1792 I,

118 1841 150 1905 p.
166 1821 206 1883 84
230 1817 397 1882 contendit
418 1819 451 1882 in
472 1819 655 1902 posteriore
680 1819 800 1900 dactyli
824 1818 916 1881 brevi
932 1819 1171 1902 correptionem
1195 1822 1251 1880 att.

121 1924 251 1988 vitatam
278 1944 350 1987 esse
373 1923 464 2004 ideo,
493 1923 578 2008 quod
602 1945 684 2001 vox,
713 1945 796 2008 quae
825 1923 983 2008 aprieris
1006 1922 1099 2007 pedis
1123 1922 1187 1985 arsi
1211 1922 1252 1985 ad

122 2028 287 2112 sequentis
321 2028 408 2091 arsin
437 2049 613 2113 properare
645 2028 808 2108 studeret,
839 2028 966 2092 duabus
1000 2027 1251 2090 consonantibus

118 2140 189 2219 post
219 2131 327 2196 thesin
353 2132 564 2217 posteriorem
601 2133 713 2216 positis
747 2133 846 2195 nimio
881 2131 1113 2196 retardaretur.
1163 2129 1251 2193 Huic

118 2242 227 2301 autem
250 2235 406 2321 opinioni,
430 2255 626 2320 quamquam
650 2235 682 2297 in
698 2236 888 2298 universum
912 2256 984 2298 eam
1008 2255 1071 2297 non
1094 2232 1252 2318 improbe,

117 2346 225 2421 tamen
248 2360 327 2403 usus
349 2337 554 2417 diaeresim,
572 2339 702 2423 qualem
719 2339 927 2422 cognovimus
951 2359 994 2401 ex
1008 2337 1039 2400 N
1042 2337 1251 2401 ennianorum

116 2444 294 2529 poematis,
325 2443 526 2527 aliquantum
556 2464 741 2527 repugnare
772 2444 910 2509 videtur.
955 2441 1130 2506 Bucolicae
1155 2444 1252 2522 enim,

118 2547 208 2610 cuius
231 2544 318 2631 apud
346 2546 419 2609 illos
443 2552 557 2630 poetas
581 2546 799 2630 frequentiam
825 2553 857 2611 et
881 2548 947 2609 vim
973 2547 1036 2609 iam
1062 2548 1139 2609 satis
1163 2567 1263 2610 coms

116 2650 269 2735 perimus,
293 2649 501 2713 intervallum
524 2648 686 2733 quoddam
707 2649 904 2714 antecedere
929 2656 1067 2735 oportet,
1092 2672 1155 2713 nen
1179 2671 1251 2714 raro

118 2755 190 2840 ipsa
204 2752 467 2840 interpunctione
479 2754 577 2839 plane
590 2754 777 2818 indicatum.
801 2756 917 2840 ltaque
931 2755 1015 2818 hano
1026 2775 1099 2819 csse
1109 2775 1251 2830 oausam,

117 2879 175 2923 cur
197 2857 318 2922 Paulus
350 2858 450 2922 talem
480 2859 718 2942 correptionem
743 2880 806 2922 non
830 2859 990 2937 vitaverit,
1013 2859 1091 2922 mihi
1114 2878 1250 2943 persua-

120 2983 191 3026 sum
213 2967 276 3040 est,
301 2961 493 3046 praesertim
518 2983 589 3025 cum
614 2962 723 3026 brevis
747 2963 804 3025 illa
828 2963 955 3047 syllaba
979 2969 1054 3027 ante
1071 2962 1250 3026 bucolioam

117 3066 224 3152 posita
256 3065 342 3129 inter
379 3067 417 3127 14
450 3086 564 3128 versus
595 3066 706 3129 sexies
743 3067 1004 3151 interpunctione
1042 3089 1061 3129 a
1095 3072 1185 3129 muta
1219 3072 1251 3129 et

117 3169 236 3254 liquida
267 3168 406 3254 proximi
434 3168 525 3232 verbi
557 3174 759 3253 segregetur.
819 3166 868 3233 Of.
899 3191 948 3233 vv.
977 3171 993 3233 I
1020 3172 1091 3232 249.
1123 3169 1249 3233 11155.

118 3275 179 3336 400
201 3273 240 3337 al.
286 3271 371 3335 Item
394 3273 427 3336 in
451 3273 545 3356 primi
571 3272 666 3357 pedis
690 3272 829 3336 diaeresi
852 3273 917 3335 vim
947 3273 1109 3357 quandam
1141 3273 1250 3336 inesse

117 3397 215 3460 supra
236 3397 268 3460 p.
284 3378 324 3438 47
349 3376 500 3460 exposui.
1273 3445 1280 3457 ,

148 3518 154 3522 -
204 3478 269 3544 Sed
281 3480 383 3542 multo
396 3479 519 3542 maiore
534 3500 606 3542 cum
620 3480 794 3545 severitate
810 3481 931 3543 Paulus
943 3479 1096 3543 Noenum
1119 3485 1250 3544 secutus

118 3581 222 3647 est-in
246 3582 451 3668 correptione
477 3583 576 3646 attica
978 3576 981 3580 ⁴

202 3686 233 3754 b.
257 3686 296 3750 in
318 3685 417 3770 ipsis
441 3686 579 3750 verbis
603 3684 798 3752 adhibenda.

200 3789 253 3852 Ex
284 3794 353 3853 toto
385 3788 516 3873 quidem
545 3788 651 3853 Nonni
682 3790 824 3854 carmine
854 3791 996 3875 quinque
1020 3790 1134 3866 verba,
1166 3810 1249 3874 quae

68 3912 81 3936 ⁰
116 3893 283 3978 patiuntur
306 3891 390 3957 hanc
414 3893 664 3977 correptionem,
689 3900 880 3957 enumerata
904 3900 978 3957 sunt
1000 3892 1249 3957 aScheindlero

116 3995 153 4081 (l.
175 3997 197 4061 l.
219 4019 251 4082 p.
276 3998 341 4078 64).
395 3995 481 4060 Satis
512 4002 712 4061 excusantur
745 4019 807 4062 usu
841 3997 990 4061 Homeri.
1043 3997 1127 4061 Sunt
1163 3999 1250 4062 euim

116 4099 212 4167 haec:
231 4096 421 4188 Ἡρακλέης,
435 4094 625 4190 Ἀφροδίτη,
643 4096 825 4188 ἀλλοτρίου,
848 4096 1111 4187 ἂλλοπρόσαλλα,
1125 4094 1249 4190 Ἀμφι-

114 4196 228 4288 τρύων.
274 4203 446 4268 Oolluthus
474 4226 602 4290 queque
633 4214 666 4271 et
695 4207 930 4292 Triphiodorus
961 4213 994 4271 et
1018 4207 1249 4272 Christodorus

58 4384 60 4393 Ι
116 4305 173 4393 (ci.
193 4306 334 4391 Baumg.
358 4329 389 4392 p.
409 4308 464 4392 48)
494 4309 526 4372 in
556 4310 635 4372 solis
659 4311 846 4375 nominibus
870 4311 1019 4397 propriis
1034 4311 1106 4373 boe
1128 4329 1268 4384 conreq-

115 4411 214 4509 ticnis
228 4430 352 4496 genere
374 4433 447 4477 raro
472 4413 523 4477 usi
547 4420 635 4480 sunt.
683 4414 766 4504 lpse
779 4415 915 4482 Paulus
933 4414 996 4478 liis
1021 4431 1104 4476 eam
1117 4399 1308 4469 seminum.
