2774 4724
588 246 779 303 ..4-

117 415 273 500 loquitur,
300 420 337 478 ut
366 434 440 478 cum
467 415 578 479 vivere
611 414 720 478 statim
749 419 922 499 appareat;
960 413 1042 475 sicut
1077 412 1115 475 in
1151 410 1258 498 priore

117 519 285 604 prooemio
315 517 469 597 iambico,
503 516 588 602 quod
612 518 715 602 primo
739 515 904 580 antecedit
929 515 1027 596 libro,
1053 521 1113 579 aut
1138 515 1173 579 in
1197 514 1257 579 fine

120 621 254 686 secundi
276 620 351 684 libri
373 626 431 684 aut
454 626 595 684 exeunte
614 619 762 684 ambonis
779 619 1044 704 descriptione1).
1091 618 1256 683 Nimirum

117 727 188 811 ipsa
223 725 355 789 nomina
395 744 571 807 numquam
603 723 814 787 inveniuntur
851 744 912 787 nec
943 722 1172 808 imperatoris,
1208 720 1257 806 qui

120 813 249 915 semper
282 828 502 914 σκηπτοῦχος,
533 822 704 911 βασιλεύς,
740 819 822 906 ἅναξ
851 834 912 891 etc.
947 827 1155 912 appellatur,
1200 845 1255 890 nec

119 930 310 996 Theodorae
327 931 553 1016 imperatricis,
571 951 666 1015 quam
683 936 845 994 mortuam
867 931 900 993 in
916 951 968 992 vv.
982 931 1111 992 58-65
1132 929 1255 1015 primae

118 1035 329 1122 praefationis
341 1033 499 1098 iambicae
515 1034 637 1097 Paulus
658 1032 809 1097 laudibus
823 1033 1010 1111 cumulavit,
1027 1053 1090 1096 nec
1100 1030 1256 1116 Eutychii

120 1137 344 1225 patriarchae,
376 1138 431 1221 qui
463 1142 494 1200 et
522 1137 593 1222 ipse
622 1137 844 1221 compluribus
873 1136 968 1200 huius
993 1136 1154 1199 carminis
1178 1136 1255 1201 locis

121 1246 392 1307 commemoratur
420 1246 453 1305 et
472 1240 648 1325 praecipue
668 1241 701 1302 in
718 1239 800 1303 libro
821 1238 855 1301 ΙΙ
869 1241 928 1302 561
949 1260 1017 1324 sqq.
1034 1239 1255 1324 praedicatur.

118 1345 201 1410 Nam
218 1346 324 1408 virum
346 1344 449 1425 illum,
473 1365 570 1428 quem
592 1344 654 1407 hcc
678 1345 748 1407 loeo
766 1364 846 1407 voce
863 1337 984 1430 πατήρ,
1002 1342 1017 1404 Ι
1033 1345 1090 1406 211
1122 1334 1256 1431 ἇρητήρ,

119 1456 155 1513 ut
177 1449 259 1514 haec
283 1449 434 1533 exempla
456 1469 653 1533 proponam,
685 1447 843 1511 nominari
866 1447 1032 1527 videmus,
1056 1445 1257 1532 Eutychium

120 1574 193 1617 esse
226 1573 297 1616 cum
321 1550 532 1635 Theophanis
556 1550 759 1628 testimonio,
790 1557 858 1613 tum
883 1550 1017 1614 alterius
1042 1551 1258 1634 praefationis

119 1656 276 1720 iambicae
300 1655 361 1719 hac
383 1655 657 1741 superscriptione
670 1655 927 1718 demonstratur:
952 1650 1070 1737 ἐλέχθη
1093 1648 1137 1717 τὰ
1154 1648 1258 1720 λοιπὰ

119 1757 152 1823 ἐν
178 1760 224 1846 τῷ
248 1753 455 1844 {croacasim
483 1755 541 1822 ἐπὶ
559 1749 718 1838 Εὗτυχίου
748 1757 808 1821 τοῦ
831 1750 1014 1840 ἃγιωτάτου
1037 1753 1258 1843 πατριάρχου.

207 1879 273 1944 Sed
294 1867 424 1944 etiamsi
439 1879 522 1945 hacc
537 1880 724 1942 testimonia
737 1901 779 1942 cx
793 1878 1013 1963 descriptione
1027 1878 1124 1941 Pauli
1141 1879 1259 1943 hausta

119 1984 213 2047 nobis
236 2004 302 2047 non
323 1982 357 2045 in
372 1988 524 2068 promptu
539 1988 659 2062 essent,
682 1987 791 2047 tamen
816 1983 880 2044 iam
898 1982 976 2044 satis
1001 1981 1086 2044 clare
1111 1988 1258 2046 aetatem

120 2092 239 2171 poetae
265 2106 537 2171 cognosceremus
562 2086 757 2149 examinatis
782 2086 899 2149 ceteris
925 2084 1142 2165 carminibus,
1176 2107 1258 2170 quae
1299 2166 1302 2177 Ι

57 2190 66 2227 ”
120 2194 181 2257 sub
206 2193 301 2258 Pauli
324 2191 500 2256 Silentiarii
524 2193 654 2256 nomine
684 2193 716 2254 in
740 2191 938 2275 Anthclogia
957 2190 1111 2254 Palatina
1139 2192 1260 2257 tradita

119 2303 204 2360 sunt.
251 2296 378 2370 Quibus
407 2295 448 2360 de
473 2297 734 2381 epigrammatis,
765 2296 839 2381 quia
863 2317 972 2359 eorum
1008 2295 1132 2359 auxilio
1163 2296 1261 2361 Pauli

118 2407 268 2485 tempora
307 2400 502 2463 certioribus
542 2400 744 2484 aliquantulo
779 2399 897 2462 finibus
937 2400 1259 2483 circumscribuntur,

119 2524 205 2567 nunc
228 2500 452 2566 disserendum
476 2507 536 2566 est.

207 2623 368 2686 Discimus
408 2622 493 2686 enim
523 2621 574 2684 his
602 2622 930 2705 poematisPaulum
964 2625 1077 2687 intima
1112 2627 1260 2690 amicitia

120 2728 328 2792 coniunctum
342 2725 445 2789 fuisse
462 2746 535 2789 cum
550 2725 811 2809 praeclarissimo
827 2728 882 2790 illo
900 2727 1080 2812 Byzantinc
1095 2731 1259 2816 scriptore

119 2831 274 2895 historico
299 2833 332 2892 et
353 2834 468 2912 poeta,
498 2827 677 2915 Agathia
700 2829 967 2894 Scholastieo.
1020 2831 1083 2904 Qui
1112 2833 1163 2896 vir
1187 2855 1258 2898 car-

119 2935 206 2998 mine
230 2934 270 2998 A.
288 2931 325 2997 P.
348 2931 379 2994 V
402 2932 482 3012 292,
511 2932 598 3016 quod
625 2932 666 2995 ad
697 2933 835 2996 Paulum
863 2934 998 2998 missum
1027 2956 1100 2998 essc
1129 2958 1174 3000 ex
1198 2937 1259 3001 hoc

120 3039 274 3102 lemmate
298 3040 389 3121 patet
413 3027 576 3121 Ἀγαθίου
593 3036 815 3116 Σχολαστικοῢ
831 3035 934 3122 πέραν
955 3040 1015 3126 τῆς
1030 3034 1161 3117 πόλεως
1184 3037 1259 3106 διά-

119 3162 231 3226 γοντος
260 3133 317 3202 διὰ
346 3132 387 3202 τὰ
415 3131 537 3219 λύσιμα
563 3139 628 3202 τῶν
650 3134 756 3222 νόμων
769 3139 796 3225 2)
825 3133 1070 3227 ὑπομνηστικὸν
1098 3142 1259 3230 πεμφθὲν

120 3236 204 3326 πρὸς
227 3240 359 3306 Παῦλον
378 3235 606 3325 Σιλεντιάριον,
631 3243 785 3327 queritur,
809 3244 895 3329 quod
919 3246 1032 3329 procul
1057 3267 1091 3308 se
1116 3267 1192 3310 esse
1218 3248 1259 3311 ab

120 3347 231 3409 amicis
245 3350 403 3431 oporteat.
438 3341 642 3428 Quamquam
655 3347 885 3410 amoenissima
903 3348 935 3410 in
952 3350 1084 3432 regione
1095 3357 1257 3431 versetur,

119 3457 229 3516 tamen
252 3449 396 3512 maximo
421 3468 456 3512 sc
472 3449 586 3511 vexari
606 3449 768 3513 desiderio
795 3457 827 3514 et
850 3453 944 3515 amici
968 3458 1000 3514 ct
1015 3452 1157 3537 puellae.
1205 3453 1259 3517 Ad

119 3554 200 3617 haec
241 3551 418 3637 respondet
451 3550 574 3615 Paulus
607 3552 648 3615 A.
678 3552 716 3618 P.
756 3555 905 3639 proximo
946 3561 1098 3640 poemate
1131 3555 1163 3618 V
1196 3560 1257 3622 293

123 3658 287 3739 (Lemma:
314 3647 513 3740 ἀντίγραφον
536 3651 594 3718 ἐπὶ
617 3657 657 3743 τῇ
680 3648 763 3743 αὐτῇ
787 3655 949 3723 ὑποθέσει
972 3653 1057 3742 πρὸς
1079 3652 1136 3721 τὸν
1159 3656 1259 3746 φίλον

116 3754 305 3848 ligustico).
353 3759 388 3823 si
403 3760 514 3843 legum
531 3779 609 3822 cura
626 3768 786 3842 arceatur,
811 3764 951 3825 amicum
968 3785 1032 3826 non
1050 3783 1129 3826 vero
1145 3785 1258 3829 amore

208 4002 228 4068 ¹)
247 4000 327 4054 Hanc
345 4000 420 4054 enim
438 4001 566 4056 eontinet
584 4000 669 4054 tertia
687 4015 751 4068 pars
771 3999 900 4052 carminis
919 4001 1039 4055 Paulini.

207 4087 228 4153 ²)
247 4085 307 4140 Hoc
329 4086 390 4141 loco
415 4086 448 4140 de
468 4086 595 4140 examine
614 4084 736 4153 quodam
755 4084 978 4153 iurisperitorum
996 4087 1180 4155 cogitandum
1200 4106 1259 4144 csse

118 4189 181 4226 mea
204 4172 318 4241 quidem
343 4174 484 4227 sententia
507 4174 582 4226 recte
603 4171 677 4224 vidit
699 4170 871 4225 Niebuhrius
895 4173 935 4239 (in
960 4174 1002 4227 sd.
1026 4174 1113 4226 Bonn.
1139 4193 1166 4243 p.
1193 4176 1259 4231 XVI

118 4259 182 4314 adn.
196 4263 223 4329 9)
243 4263 404 4329 comparata
417 4278 483 4316 voce
499 4259 586 4324 hirae,
605 4275 661 4326 qua
673 4257 865 4313 adulescentes
884 4259 1036 4328 significari
1054 4260 1194 4330 solebant,
1209 4263 1258 4333 qui

118 4347 174 4400 iam
193 4350 328 4415 quattuor
345 4365 395 4418 per
413 4366 500 4402 annos
519 4349 614 4416 legum
633 4335 734 4401 studiis
753 4364 782 4400 se
800 4347 943 4402 dederant.
