2774 4724
9 1066 57 1119 „l

594 321 829 384 —104-

140 486 244 555 Paulo
274 487 483 555 antecedenti
513 488 735 576 adsignandus
769 477 834 567 esti
862 490 986 557 Paulus
1019 491 1106 557 enirn
1130 488 1280 556 eiusdem

144 594 296 659 vocabuli
319 594 457 660 formam
480 592 924 683 ambasiacensem
947 595 989 682 (a.
1007 594 1062 680 76)
1088 594 1113 680 ).

228 696 346 762 Restat
375 702 411 762 ut
441 719 547 785 pauca
569 698 735 764 verba‘de
757 699 902 766 Ioanne
926 698 1084 765 Gazaeo
1107 698 1278 763 faciamus.

139 799 237 864 Hunc
268 805 415 886 poetam,
445 822 508 887 quo
540 801 647 867 nullus
675 802 757 866 alius
780 803 970 867 Nonniacus
999 803 1145 867 oratione
1172 801 1278 886 magis

139 903 252 969 inflata
284 904 436 985 excellit,
464 903 546 969 duos
576 905 803 991 descriptionis
832 907 932 971 libros
961 906 1002 971 de
1031 905 1143 971 tabula
1166 904 1279 969 mundi

140 1011 216 1090 post
236 1006 331 1071 Pauli
363 1006 537 1094 ecphrasin
561 1009 729 1095 scripsisse
753 1008 890 1076 Abelius
918 1011 952 1074 in
974 1008 1126 1074 editionis
1148 1007 1279 1094 praefa-

5 1116 30 1167 ’ῖ
82 1110 96 1131 ““
109 1142 112 1149 -
126 1100 229 1174 '‘tione
246 1109 427 1186 contendit;
453 1131 514 1175 nec
530 1109 696 1198 discrepat
711 1134 785 1178 mea
801 1114 1053 1178 sententiarum
1076 1113 1143 1193 illa,
1163 1132 1279 1196 quam-

1 1206 52 1307 ᾖ,
80 1236 109 1309 ,j
143 1235 240 1299 quam
269 1215 366 1278 certis
394 1215 594 1299 argumentis
623 1237 695 1280 eam
728 1217 921 1282 confirmare
949 1237 1086 1302 nequeo.
1138 1213 1279 1280 Omnino

3 1320 7 1329 '
70 1352 74 1359 ·
143 1323 254 1382 autem
269 1317 442 1383 refutanda
455 1324 530 1382 sunt
542 1326 736 1405 argumenta
751 1320 871 1403 Abelii,
888 1320 943 1406 qui
960 1319 1037 1384 dicit
1053 1318 1169 1406 (praef.
1183 1340 1214 1403 p.
1229 1318 1279 1402 7):

141 1441 268 1506 „nequo
300 1422 477 1486 verisimile
512 1422 592 1487 mihi
628 1423 758 1487 videtur
790 1444 865 1489 eum
901 1421 959 1507 (sc.
993 1421 1167 1505 Ioannem)
1202 1427 1279 1485 ante

140 1523 279 1589 Paulum
304 1524 527 1590 Silentiarinm
555 1524 654 1590 medii
684 1526 770 1591 sexti
794 1549 827 1612 p.
844 1525 919 1592 cnr.
943 1547 974 1592 n.
999 1525 1123 1590 saeculi
1145 1530 1280 1610 poetam

143 1630 302 1695 floruisse.
352 1629 475 1693 Paulus
513 1629 599 1694 enim
634 1629 724 1694 solus
759 1630 903 1693 omnium
936 1629 1045 1693 Nonui
1078 1629 1280 1693 imitatorum

140 1733 203 1797 hoc
231 1753 305 1798 curn
335 1733 460 1797 Ioanne
490 1731 622 1798 Gaaceo
650 1753 823 1800 commune
852 1733 967 1814 habet,
1006 1729 1091 1818 quod
1121 1731 1218 1797 ambo
1247 1732 1280 1795 in

143 1836 345 1921 ecphraseon
370 1855 491 1920 genere
515 1856 590 1901 sese
611 1842 807 1903 exercentes
825 1836 992 1921 prooemia
1008 1837 1149 1901 iambico
1172 1840 1280 1900 metro

143 1939 263 2025 scripta
285 1939 414 2024 utrique
437 1939 589 2004 carminis
612 1941 697 2026 parti
719 1941 971 2026 praemiserunt;
994 1960 1059 2025 qua
1081 1959 1123 2002 ex
1146 1960 1182 2003 re
1207 1958 1282 2002 cum

142 2063 243 2107 unum
258 2043 397 2107 alterum
412 2043 573 2107 imitatum
588 2064 662 2108 esse
679 2043 872 2108 concludere
887 2042 1077 2120 debeamus,
1094 2041 1182 2107 haud
1194 2042 1282 2107 veri-

144 2148 249 2211 simile
266 2169 340 2212 esse
358 2147 437 2211 mihi
451 2147 580 2212 videtur
595 2149 798 2233 praeclarum
816 2148 911 2214 aulae
928 2148 1039 2233 regiae
1055 2147 1282 2214 Silentiarium

143 2249 184 2315 ad
197 2250 386 2339 exemplum
402 2251 534 2316 obscuri
548 2251 717 2317 cuiusdam
734 2251 937 2336 grammatici
950 2271 1080 2316 carmen
1092 2250 1281 2336 panxisse.“

230 2353 276 2418 Ut
308 2355 566 2439 praetermittam
595 2355 691 2420 huius
719 2355 903 2441 argumenti
931 2354 1114 2435 levitatem,
1149 2354 1283 2419 omnino

144 2476 208 2523 non
230 2458 334 2543 probo
357 2458 499 2543 priorem
522 2458 611 2523 illam
635 2460 885 2524 conclusionem.
930 2457 1014 2524 Nam
1039 2455 1283 2542 quodpropter

145 2561 234 2625 solas
262 2560 419 2625 iambicos
447 2561 670 2646 praefationes
697 2561 827 2647 utrique
850 2560 986 2627 carmini
1008 2558 1216 2646 praepositas
1240 2558 1282 2623 de

144 2664 326 2729 imitatione
358 2665 480 2749 cogitat
507 2665 557 2729 vir
585 2664 716 2747 doetus,
747 2687 878 2752 prorsus
903 2685 977 2731 eum
1000 2664 1085 2748 fugit
1107 2663 1168 2728 has
1190 2662 1281 2748 ipsas

144 2768 209 2832 illis
233 2767 365 2853 quidem
380 2768 583 2854 temporibus
606 2769 640 2834 in
655 2790 747 2834 more
763 2768 865 2834 fuisse
880 2767 1150 2857 Byzantinorum.
1195 2763 1282 2830 Nam

144 2868 306 2955 Agathias
330 2891 459 2957 quoque
484 2876 610 2957 septem
634 2872 727 2937 libris
748 2872 1020 2959 epigrammatum
1042 2889 1163 2956 poema
1184 2889 1281 2955 prae-

145 2973 249 3052 misit,
282 2973 374 3038 cuius
405 2973 492 3059 prior
514 2994 590 3059 pars
614 2994 657 3038 ex
678 2974 836 3039 trimetris
858 2972 1008 3040 iambicis
1031 2976 1172 3038 constat.
1218 2968 1281 3051 (of.

144 3075 186 3142 A.
208 3075 247 3143 P.
269 3076 318 3140 IV
339 3074 514 3160 3,1-46.)
566 3075 674 3141 Etiam
707 3076 953 3142 Christodomm
982 3076 1014 3140 in
1048 3074 1282 3160 descriptione,

146 3202 230 3267 quae
253 3201 295 3245 an
318 3201 382 3244 non
397 3180 526 3265 integra
543 3179 638 3245 nobis
653 3179 775 3246 tradita
798 3181 851 3262 sit,
871 3180 994 3268 optimo
1017 3180 1087 3243 iure
1104 3176 1281 3257 dubitatur,

145 3285 311 3369 prooemio
334 3283 474 3348 iambico
499 3283 671 3348 audientes
695 3284 858 3350 salutasse
888 3283 1151 3368 Baumgartenus
1175 3280 1282 3365 suspi-

147 3386 307 3475 catur*(p.
324 3390 368 3471 8).
418 3385 596 3452 Praeterea
616 3385 771 3470 Abelius,
795 3387 948 3474 quoniam
973 3391 1050 3453 ante
1074 3404 1195 3449 annum
1219 3387 1281 3447 540

147 3492 280 3558 Ioannis
305 3511 437 3555 carmen
453 3488 618 3574 conditum
642 3510 715 3556 esse
732 3489 949 3574 existimatu,
972 3487 1070 3576 priori
1086 3486 1190 3574 ipsius
1208 3505 1282 3551 sen·

148 3597 273 3662 tentiae
306 3599 485 3679 repugnat;
520 3614 596 3659 nam
630 3593 772 3659 Paulum
806 3593 981 3681 ecphrasin
1014 3613 1078 3656 non
1112 3588 1282 3676 scripsisse

148 3707 224 3766 ante
243 3720 364 3765 annum
378 3700 440 3762 563
458 3719 501 3762 ex
517 3699 574 3780 eis,
592 3719 676 3783 quae
692 3720 790 3784 supra
803 3698 1025 3784 exposuimus,
1042 3695 1121 3762 satis
1136 3699 1282 3781 apparet.

147 3804 230 3868 Toto
261 3822 384 3887 genere
412 3800 634 3883 describendi,
659 3800 745 3887 quod
768 3822 788 3865 a
811 3798 1015 3865 Obristodori
1039 3804 1073 3863 et
1094 3796 1191 3862 Pauli
1214 3801 1284 3860 erte

147 3905 243 3970 valde
266 3905 431 3985 abhorret,
455 3910 553 3990 atque
576 3908 703 3969 tumore
719 3903 892 3969 verborum
908 3923 1041 3990 prorsus
1063 3899 1282 3966 conferendo

237 4045 257 4111 ¹)
277 4042 317 4096 Cf.
341 4040 426 4095 etiam
453 4039 687 4110 praestantissimi
710 4037 847 4109 Scaligeri
869 4037 956 4093 verba
977 4036 996 4091 1.
1013 4035 1031 4090 1.
1051 4034 1159 4101 „Huius
1176 4034 1282 4091 Musaei

149 4128 342 4197 subaequalis
360 4129 411 4182 aut
428 4144 485 4182 non
503 4127 592 4181 multo
610 4125 748 4196 posterior
766 4124 959 4180 silentiar-iud
979 4125 1030 4179 etc.

237 4217 258 4282 2)
277 4215 316 4268 cf.
336 4213 465 4268 Abelium
483 4231 511 4282 p.
522 4213 569 4267 11:
596 4213 741 4279 „Fortasse
760 4214 827 4266 ante
845 4228 950 4265 annum
968 4210 1064 4278 5401).
1083 4208 1146 4263 Ohr.
1165 4226 1207 4274 n.,
1229 4223 1282 4276 quo

151 4300 302 4353 Antiochia
319 4316 337 4353 a
355 4299 474 4352 Obosrob
498 4297 625 4353 funditus
651 4315 746 4354 eversa
769 4300 812 4352 est
830 4299 859 4352 et
877 4297 963 4352 etiam
981 4296 1107 4351 thermae
1126 4294 1282 4349 destructae

137 4397 199 4435 esse
219 4384 361 4450 ridentur,
380 4385 495 4440 Ioannis
512 4386 578 4440 Gan.
597 4401 707 4440 carmen
726 4383 913 4452 conscriptum
933 4399 991 4437 esse
1008 4383 1042 4437 ut
1058 4382 1225 4445 statuamus,
1241 4379 1283 4432 in·

122 4462 291 4522 ducemur.¹‘
