2774 4724
588 314 804 375 ..99-

201 481 301 598 Iam,
321 485 361 545 ut
377 480 473 547 finem
488 481 653 567 imponam
675 481 728 546 his
743 483 1003 567 quaestionibus,
1026 486 1165 551 aliorum
1184 508 1266 572 poe,-

117 592 233 649 tarum
246 582 419 670 epicorum
437 583 589 669 vestigia,
604 604 689 669 quae
706 584 739 649 in
752 585 847 650 Pauli
858 585 1078 672 descriptione
1091 588 1266 674 indagasse

118 687 201 752 mihi
228 684 354 767 videor,
376 685 525 772 prolerre
547 687 654 753 liceat
745 686 749 690 ’

212 789 372 861 Carmina
393 789 575 879 Homeri,
604 812 702 879 quem
730 792 824 878 quasi
851 799 977 879 patrem
1010 758 1154 869 omnium
1182 760 1266 860 tem-

119 914 244 982 porum
270 899 392 980 poetae
421 892 677 974 venerabantur,
709 895 849 961 Paulum
878 918 1007 982 quoque
1030 897 1113 963 bene
1135 899 1266 965 uouisse

121 1004 162 1062 ut
184 996 432 1079 concludamus,
455 997 509 1064 vel
531 1017 570 1061 eo
587 997 780 1091 inducimur,
803 998 890 1083 quod
912 1003 1007 1066 θεῖον
1019 994 1194 1086 Ὅμηρον
1185 1001 1266 1086 rpsis

121 1101 387 1186 Byzantinorum
410 1100 613 1187 temporibus
636 1102 778 1166 maxime
803 1086 1006 1168 celebratum
1030 1124 1105 1168 osse
1127 1111 1265 1178 constat.

122 1204 333 1270 Percurratis
365 1202 463 1269 miros
495 1203 570 1270 illos
604 1224 736 1286 versus,
770 1243 812 1286 .··
847 1211 884 1270 ut
918 1206 986 1271 solo
1018 1206 1080 1271 hoc
1114 1208 1266 1293 exemplo

122 1313 202 1373 utar
226 1344 265 1355 —
289 1307 409 1393 quibus
432 1304 661 1373 christodorus
674 1306 811 1373 Homeri
832 1313 974 1387 statuam
997 1307 1064 1395 (vv.
1080 1310 1265 1393 311-350)

125 1409 326 1496 descripsit,
354 1431 417 1495 quo
444 1410 607 1475 neminem
635 1411 783 1496 pluribus
811 1412 957 1478 versibus
989 1414 1168 1483 exornavit.
1212 1413 1266 1479 Hx

126 1515 177 1581 eis
201 1514 282 1607 satis
296 1512 510 1598 intellegitur,
533 1513 664 1599 quantis
680 1513 856 1580 honoribus
880 1521 914 1580 ct
934 1534 1012 1581 uere
1035 1516 1152 1581 divinis
1167 1517 1266 1581 etiam

125 1617 304 1705 Byzantini
319 1615 502 1681 Homerum
516 1617 733 1684 oneraverint.
780 1616 846 1682 Sed
862 1618 984 1684 scimus
1007 1641 1051 1686 ex
1073 1620 1266 1705 descriptio·

126 1722 180 1786 nis
215 1720 360 1787 'carmine
392 1719 531 1784 Paulum
569 1724 602 1784 et
629 1720 737 1806 ipsum
767 1721 878 1806 poesis
908 1728 1035 1806 patrem
1064 1743 1129 1788 uon
1159 1723 1266 1788 solum

127 1830 324 1891 veneratum
348 1842 433 1905 esse,
456 1822 490 1888 id
513 1821 599 1909 quod
623 1822 732 1887 elucet
755 1843 797 1887 ex
820 1844 850 1888 v.
867 1826 925 1888 201
943 1846 991 1910 sq.

235 1924 294 1993 καὶ
315 1921 369 2005 τίς
389 1920 616 2012 ἔριγδοάττυισι
637 1921 742 2006 χανὼν
766 1921 983 2011 στομάτεσσιν
1000 1920 1146 2053 Ὁμήρου

236 2026 446 2115 μαρμαρέοος
467 2028 628 2111 λειμῶνας
649 2020 926 2109 άολλισθέντας’
908 2026 1031 2111 αείσεις

130 2133 190 2201 sed
221 2134 320 2199 etiam
349 2133 523 2198 nonnullos
553 2132 624 2195 eius
655 2152 769 2196 versus
799 2133 973 2198 manifesto
995 2134 1157 2233 imitatum
1181 2156 1266 2203 esse

130 2236 337 2323 Quamquam
367 2236 489 2320 aliquot
518 2234 559 2299 de
582 2234 663 2299 locis
686 2236 807 2320 ambigi
830 2243 948 2320 potest,
971 2237 1164 2322 quinetiam
1180 2236 1266 2322 apud

129 2338 295 2404 Νοιιιιιιιιι
309 2338 456 2423 aliosque
480 2343 616 2427 poetas
618 2344 807 2420 occurrunt,
836 2339 945 2424 itaqua
968 2339 1106 2404 Paulum
1137 2361 1194 2405 eos
1222 2363 1266 2415 es

132 2443 203 2531 ipso
227 2426 374 2507 Homero
396 2441 545 2506 hausisse
563 2440 716 2505 contendi
738 2442 862 2526 nequit.
905 2442 1047 2509 Pauliv.
1062 2443 1079 2505 Ι
1102 2445 1264 2508 102ο1υιι·

133 2548 221 2613 sula:
245 2539 475 2612 ἐπιπνείουσιν
499 2536 598 2633 ἀῆται
623 2543 771 2631 profecta
793 2551 845 2608 est
868 2566 910 2609 ex
931 2545 1068 2611 Homeri
1088 2546 1149 2613 Od.
1161 2548 1266 2612 0139:

132 2642 217 2729 eisd
238 2672 275 2717 κε
290 2685 330 2696 -
347 2642 564 2713 ε’ττιττνείυνσιν
579 2638 693 2734 ἀῆται,
718 2646 774 2711 sed
799 2646 914 2713 eadem
937 2647 1038 2712 verba
1060 2649 1159 2713 etiam
1183 2649 1269 2736 apud

131 2753 287 2819 Nonnum
317 2754 388 2841 (47,
402 2754 482 2816 362:
515 2746 743 2835 ἐπιπνείουσιν
765 2743 812 2835 ά.)
829 2758 878 2833 Ιο1
905 2751 987 2817 alios
1009 2753 1173 2837 leguntur.
1218 2752 1268 2818 cf.

133 2844 218 2922 call.
248 2855 359 2942 hymn.
385 2855 434 2918 IV
459 2855 533 2918 318.
563 2889 602 2900 -
631 2854 715 2918 Item
742 2853 840 2919 Pauli
867 2875 897 2917 v.
920 2853 1034 2920 11104
1062 2856 1177 2920 verba:
1205 2849 1268 2921 ἆνὰ

134 2955 271 3027 δάσκιον
305 2954 385 3048 ὕλην
416 2965 551 3047 practer
584 2957 764 3044 Homerum
799 2956 873 3042 (Od.
898 2981 914 3022 c
942 2961 1004 3021 470
1025 2957 1110 3044 etc),
1132 2959 1268 3024 Nonnus

134 3063 201 3148 (21),
219 3062 309 3151 279),
333 3062 503 3128 colluthus
528 3061 604 3147 (352
621 3061 732 3145 Abel),
757 3057 926 3147 Oppianus
950 3060 1047 3146 (Oyu.
1064 3061 1187 3147 11530)
1210 3083 1267 3139 ειι-1

134 3168 260 3234 hibent.
303 3167 474 3252 Frequens
510 3166 610 3250 igitur
629 3164 705 3229 'hoc
739 3165 863 3250 dictum
899 3172 968 3229 erat
1005 3165 1038 3230 in
1072 3165 1268 3231 carminibus

135 3271 249 3358 epicis,
265 3291 332 3335 non
344 3270 449 3357 minus
463 3288 559 3354 quam
571 3266 672 3332 verba
681 3258 837 3347 αὖχενίιον
848 3302 891 3313 -
902 3258 1056 3333 τενόντων
1066 3266 1119 3352 (Ρ.
1132 3267 1168 3330 ΙΙ
1180 3266 1268 3349 280),

135 3396 219 3461 quae
243 3373 450 3461 repperimus
473 3372 506 3435 in
528 3369 626 3434 Hom.
644 3368 704 3434 Od.
724 3393 743 3455 p
760 3369 821 3433 loc
845 3364 1008 3454 (τενόντας
1031 3363 1223 3454 αὐχενίους)
1236 3377 1270 3436 ε1

137 3478 223 3566 apud
236 3480 341 3568 Noun.
359 3481 410 3555 44,
427 3476 486 3540 107
499 3466 662 3556 (αὖχένιον
677 3470 714 3538 δὲ
726 3470 873 3553 τένοντα)
885 3480 918 3537 ε1
930 3473 1014 3558 apud
1028 3474 1214 3561 Oppianum
1227 3475 1269 3540 al.

138 3619 172 3630 -
200 3582 297 3647 Pauli
320 3602 349 3646 v.
374 3577 506 3643 11438:
536 3574 594 3663 καὶ
621 3569 688 3663 ὀψὲ
716 3571 835 3642 δύοντα
868 3568 1003 3662 Βοώτην
1029 3576 1168 3643 Homeri
1197 3599 1270 3659 esse

135 3707 234 3771 supra
269 3685 412 3750 diximus
447 3682 503 3766 (cf.
528 3681 589 3747 Od.
612 3704 627 3746 ε
650 3679 738 3765 272).
795 3679 860 3746 Sed
894 3680 994 3762 ¹etiam
1025 3681 1181 3762 Musaeus
1212 3681 1269 3747 illo

136 3787 343 3854 hemistichio
374 3807 452 3851 usus
484 3791 549 3860 est,
581 3805 669 3872 nam·
687 3789 779 3848 recta
806 3782 932 3848 videtur
950 3789 1052 3869 ,vetus
1077 3784 1268 3868 ‚emendatio

135 3889 270 3978 Cauteri
293 3912 322 3957 v.
340 3892 418 3978 213:
442 3881 501 3955 οὐκ
524 3883 591 3974 ὀψὲ
612 3881 731 3952 δύοντα
754 3881 898 3974 Βοώτην.
919 3924 961 3935 -
983 3887 1022 3952 P.
1039 3909 1068 3952 a.
1085 3890 1141 3952 131
1168 3887 1270 3952 verba

135 3991 277 4083 ἐυξέστῳ
300 3990 359 4058 ἐπὶ
380 3994 484 4081 βωμῷ
513 3991 603 4056 varie
626 3996 749 4054 mutata
773 3990 859 4076 apud
883 4012 995 4056 omnes
1020 3992 1130 4078 epicos
1154 3995 1269 4108 poetas

134 4095 211 4189 inde
235 4098 277 4163 ab
300 4095 446 4161 Homero
469 4093 535 4181 (cf.
550 4095 582 4161 Ω
597 4095 654 4157 271
658 4091 861 4181 e‘uffs'ocp‘
844 4091 903 4159 εσὶ
926 4096 1018 4181 ῥυμῷ
1041 4101 1092 4160 etc
1096 4094 1120 4181 .)
1143 4093 1268 4181 saepis-

135 4202 216 4265 sime
250 4201 413 4284 leguntur
458 4197 509 4263 Of.
532 4180 728 4278 N.13,118
757 4192 946 4284 ανάρυφόνῳ
974 4192 1069 4282 παρὰ
1090 4194 1204 4349 βωμῷ.
1227 4235 1269 4246 -
1336 4285 1338 4289 ¹

134 4304 330 4424 Praeclarae
348 4303 470 4397 1111ιιι
461 4302 623 4396 imaginis,
648 4321 744 4397 quam
766 4323 797 4367 a.
814 4303 876 4393 222

281 4400 411 4489 κάματα
434 4403 610 4491 κινυμένων
623 4398 850 4492 περιάγνυται
872 4397 1008 4480 donaro
1027 4398 1168 4490 tqpas
1264 4411 1276 4469 ,’
