2774 4724
632 314 845 378 ..78-

175 484 341 548 notatione
365 483 549 568 proposuit;
581 484 634 547 hio
666 485 752 549 euim
774 479 912 569 χάραξεν
936 485 1033 548 scribi
1057 485 1184 549 maluit.
1230 482 1317 546 Nam

175 595 310 674 propter
326 588 528 672 singularem
551 589 643 653 verbi
659 583 749 668 ἔξεσε
764 591 808 672 (v.
826 592 902 672 270)
919 610 1032 652 vocem
1048 584 1162 674 χάλσψ
1177 587 1224 673 (v.
1238 584 1317 669 276)

177 697 210 755 ε1
236 691 333 756 huius
364 694 456 757 verbi
485 699 518 756 et
548 692 775 756 antecedentis
804 686 980 776 χαράσσειν
1016 693 1204 756 subiectum
1241 711 1318 754 esse

176 801 279 880 putat,
304 797 431 859 etiamsi
456 816 514 880 pro
531 795 687 878 singulari
704 789 794 873 ἔξεσε
815 795 911 859 facile
929 796 1045 880 corrigi
1062 817 1161 881 posse
1177 794 1319 880 pluralis

177 894 291 978 ἔξεσαν
309 898 461 962 concedit
484 903 526 979 (v.
545 896 719 981 27011011.)
766 896 831 961 Sed
854 899 937 962 hano
954 898 1077 964 Graefii
1093 899 1319 964 coniecturam

179 1005 230 1066 vel
254 1003 326 1066 ideo
344 1003 508 1086 impugno,
522 1001 606 1084 quod
624 1002 670 1065 sio
685 1002 789 1066 forma
806 1001 965 1086 quaedam
984 1003 1162 1067 intextum
1179 1003 1323 1066 infertur

179 1126 354 1190 numquam
378 1126 397 1167 a
413 1105 515 1169 Paulo
539 1126 579 1168 ne
604 1105 637 1167 in
654 1105 898 1190 epigrammatis
915 1106 1047 1190 quidem
1069 1108 1103 1169 in
1119 1107 1184 1170 fine
1201 1126 1320 1169 versus

177 1209 330 1272 admissa.
383 1207 499 1292 Neque
528 1208 613 1272 enim
641 1207 724 1271 ullas
752 1208 883 1288 formas,
912 1209 1028 1293 quibus
1055 1233 1072 1272 ν
1104 1209 1319 1295 paragogi-

179 1334 261 1376 eum
286 1306 544 1398 (ἔφελκσσεικόν)
562 1310 647 1375 adici
670 1317 786 1396 potest,
810 1311 958 1375 adhibuit
981 1313 1014 1374 in
1038 1312 1187 1376 clausula
1203 1333 1322 1376 versus

177 1422 275 1501 poeta
304 1416 365 1479 hac
389 1435 517 1500 quoque
542 1421 700 1499 exparte
723 1414 876 1479 Nonnum
899 1422 1047 1496 secutus,
1078 1416 1170 1480 cuius
1202 1416 1321 1478 mirum

178 1520 263 1583 hunc
282 1540 376 1582 usum
393 1519 544 1603 princeps
561 1517 748 1581 observavit
764 1516 977 1582 Wernickius
995 1517 1055 1603 (ad
1072 1519 1187 1604 Triph.
1203 1540 1235 1604 p.
1254 1520 1323 1600 66),

178 1625 361 1687 accuratius
392 1621 622 1686 Scheindlerus
651 1620 720 1706 (qu.
743 1623 849 1687 Noun.
876 1623 903 1702 I,
926 1645 958 1708 p.
980 1625 1020 1686 65
1039 1644 1126 1708 sqq.;
1155 1623 1196 1686 cl.
1219 1622 1324 1686 etiam

180 1727 376 1792 Volkmann.
400 1725 458 1806 1.,1.
473 1749 504 1812 p.
519 1728 560 1789 30
578 1747 624 1809 sq.
671 1725 742 1788 Uno
759 1725 855 1789 Pauli
877 1727 952 1790 loco
974 1727 1008 1789 in
1029 1725 1152 1790 Graefii
1177 1725 1325 1789 editione

179 1829 361 1893 huiusmodi
390 1830 494 1892 forma
524 1833 602 1907 stat,
625 1827 754 1891 11133:
777 1825 810 1891 ἔν
833 1820 947 1893 dicem
971 1823 1238 1915 δενδροκόμσισι,
1266 1828 1326 1892 sed

178 1934 231 1997 hio
261 1954 374 1997 versus
402 1933 500 1996 ullius
532 1931 687 1995 momenti
711 1953 785 1995 esse
809 1933 933 2015 nequit,
958 1934 1034 2017 quia
1058 1934 1164 1999 codex
1189 1933 1326 1997 Graefio

180 2044 264 2101 teste
289 2038 321 2101 in
344 2038 408 2100 fine
432 2037 526 2099 huius
550 2056 664 2098 versus
687 2035 862 2099 lacunosus
892 2043 949 2100 est.
995 2035 1126 2102 Revera
1149 2037 1327 2101 Palatinus

180 2141 263 2205 haec
290 2141 443 2225 praebet:
480 2136 513 2203 ἔν
527 2186 629 2204 .....
662 2130 775 2202 ἄλσεσι
790 2187 905 2205 ......
951 2139 1068 2223 Itaque
1094 2139 1219 2204 Graefii
1246 2162 1326 2205 con-

180 2246 306 2308 iectura
320 2243 449 2307 omnino
462 2264 525 2307 non
535 2242 715 2327 probabilis
732 2240 869 2306 videtur.
916 2242 966 2305 De
982 2242 1112 2307 duobus
1129 2250 1242 2307 autem
1261 2244 1329 2308 illis

181 2348 329 2411 versibus
353 2347 401 2431 (Il
428 2349 487 2411 133
506 2353 540 2410 et
559 2347 635 2428 277)
666 2346 750 2410 infra
784 2345 947 2430 copiosius
978 2345 1215 2432 disputandum
1253 2349 1329 2427 erit,

182 2452 258 2536 quia
280 2456 547 2536 proparoxytoua
570 2450 601 2512 in
626 2449 773 2513 clausula
796 2454 880 2513 sunt.

272 2555 311 2617 In
328 2554 570 2638 epigrammatis
593 2553 653 2616 bas
676 2553 797 2616 formas
821 2551 952 2617 odiosas
975 2555 1122 2640 repperi:
1146 2554 1199 2618 IX
1214 2557 1329 2633 3963

183 2651 330 2722 ἆπὲεετα.
376 2658 406 2720 V
424 2660 534 2736 244,4
557 2649 779 2739 ἔσεσισόμεθα.
805 2659 936 2737 255,18
959 2651 1139 2741 καιόμεθα.
1189 2721 1203 2730 ,,

269 2759 580 2824 Trochaicorum
593 2759 834 2838 vocabulorum,
848 2760 966 2843 quibus
982 2744 1331 2845 poetaversumlinire

184 2885 284 2928 ausus
302 2869 362 2939 est,
386 2863 450 2927 alia
473 2863 536 2925 ianr
553 2861 640 2947 apud
655 2860 807 2924 Nonnum
824 2861 987 2945 leguntur,
1003 2863 1096 2925 velut
1124 2854 1228 2941 αὐτός
1244 2864 1262 2928 Ι
1278 2867 1330 2927 26.

185 2966 219 3029 Il
236 2970 298 3030 400
315 2972 377 3032 etc.
403 2965 452 3029 of.
469 2966 574 3031 Nonn.
596 2970 643 3045 11,
662 2967 724 3028 320
742 2966 836 3049 etc.¹)
854 3005 894 3013 -
910 2960 1002 3052 ἔργον
1018 2968 1036 3030 Ι
1054 2970 1124 3039 174.
1149 2967 1201 3032 Of.
1219 2969 1332 3033 Noun.

185 3071 214 3148 3,
231 3072 294 3134 308
318 3076 377 3134 ete.
403 3106 442 3114 —
467 3061 564 3145 ἔλλσς
584 3069 617 3131 ΙΙ
634 3070 705 3132 476.
732 3067 782 3134 cf.
798 3067 905 3133 Noun.
930 3071 982 3150 23,
1000 3074 1052 3133 40.
1071 3108 1111 3117 -
1128 3070 1218 3149 Alia,
1244 3093 1332 3157 quae

184 3194 247 3236 non
273 3174 399 3237 obviam
424 3173 506 3234 fiunt
527 3173 559 3234 in
582 3171 690 3235 Nouni
715 3173 867 3252 carmine,
891 3173 978 3237 haud
1002 3175 1141 3238 multum
1167 3176 1335 3239 recedunt

185 3297 204 3336 a
228 3276 373 3360 magistri
396 3296 468 3337 usu.
499 3271 562 3354 (of.
587 3294 659 3335 cum
684 3275 784 3338 verbo
809 3265 905 3358 οἷμον
926 3276 1037 3340 Nonni
1059 3277 1181 3359 μῦθον,
1204 3285 1244 3341 ut
1268 3277 1335 3343 hoc

184 3385 257 3441 utar
286 3378 454 3463 exemplo;
483 3397 578 3460 porro
606 3376 733 3461 φῶτας,
767 3366 882 3456 οὖδας,
911 3373 1007 3459 λαός,
1031 3374 1162 3460 νυκτός,
1186 3376 1337 3468 φαιδρός

185 3481 225 3546 al.
250 3480 335 3567 apud
359 3481 496 3543 Paulum
519 3499 631 3542 versus
656 3479 836 3564 claudunt).

270 3583 530 3661 Vocabulorum,
553 3602 637 3665 quae
661 3582 692 3644 in
716 3582 907 3646 trochaeum
931 3591 1067 3666 exeunt,
1091 3586 1176 3650 hacc
1200 3587 1336 3654 adfero:

186 3678 308 3770 ἀγῶνος
338 3684 392 3768 (cf.
418 3685 553 3764 χιτῶνος
579 3683 686 3750 Nonn.
714 3690 739 3758 1,
768 3688 807 3747 35
832 3687 928 3771 etc),
963 3688 1149 3776 Βασιλῆσς,
1181 3695 1339 3775 γυναῖκες

187 3787 242 3869 (cf.
265 3791 420 3874 γυναῖκας
441 3788 549 3852 Noun.
569 3794 596 3865 1,
618 3787 702 3871 119),
725 3791 823 3853 θεοῖο
844 3789 909 3873 (ter
928 3791 1015 3877 apud
1032 3793 1202 3878 Paulum),
1227 3793 1339 3863 ἐκεῖνο

190 3892 277 3974 (ter),
302 3884 425 3973 ὁμοῖον,
448 3889 568 3969 χιτῶνα
592 3891 634 3952 al.

274 3993 340 4057 Sed
369 3993 496 4056 etiarnsi
524 3992 662 4056 Paulum
694 4015 790 4077 parce
818 3995 988 4061 trochaica
1010 4001 1178 4065 vocabula
1201 4003 1253 4066 sic
1278 4004 1340 4068 ad-

188 4093 331 4159 hibuisse
356 4117 397 4158 cx
421 4095 477 4175 eis,
499 4115 582 4178 quae
600 4093 677 4174 dixi,
695 4098 903 4181 conspicuum
929 4107 990 4181 cst,
1007 4107 1119 4167 tamen
1135 4106 1342 4189 magistrum

187 4231 391 4242 Q*-

276 4317 295 4377 ¹)
314 4315 354 4367 Dc
372 4315 465 4368 Nonni
490 4332 542 4367 usu
566 4315 599 4369 cf.
618 4316 746 4384 exempla
768 4335 785 4370 a
803 4318 975 4375 Ludwicbio-
987 4325 1082 4388 (Bella
1101 4344 1130 4394 p.
1143 4328 1182 4382 60
1205 4330 1288 4398 adn.)
1313 4335 1344 4385 et

180 4408 198 4444 a
216 4394 330 4464 Meyero
349 4401 376 4467 (l.
392 4400 411 4457 l.
429 4420 457 4470 p.
474 4401 551 4470 1011)
571 4400 755 4455 commodata.
