2774 4724
561 248 771 310 „25..

189 418 340 503 Singulas
371 426 483 505 partes
513 418 683 500 carminis,
713 419 801 505 quod
830 420 864 482 in
893 416 1004 483 codiee
1028 417 1180 483 Palatino
1202 417 1234 481 in

101 529 169 588 tres
196 523 298 588 libros
328 523 497 605 dividitur,
525 525 679 588 recitatas
709 544 784 589 esse
812 524 845 587 in
875 527 1038 587 conventu
1062 520 1234 586 admodum

101 626 202 691 nobili
212 625 248 710 ¹),
273 647 347 691 cum
371 649 414 692 ex
437 648 477 692 eo
501 620 738 712 intellegimus,
769 626 856 712 quod
879 646 1119 711 saepenumero
1141 631 1237 711 poeta

101 734 158 794 aut
181 731 287 816 ipsum
309 731 541 817 imperatorem
564 730 749 815 adloquitur
772 737 829 794 aut
843 729 1076 815 patriarcham,
1099 729 1236 794 turneio

102 834 209 899 verbis
227 833 478 914 demonstratur,
503 855 587 918 quae
604 834 699 898 alteri
714 834 811 919 primi
829 833 902 897 libri
917 834 1085 918 prooemio
1100 833 1238 898 iambico

101 937 314 1002 antecedunt:
350 934 487 1024 διηρέθη
519 930 539 1025 ἡ
573 929 775 1023 duodenarii
824 929 982 1023 ἀκρόασις
1016 937 1105 1018 enim
1139 937 1237 1002 verbo

101 1041 251 1106 recitatio
276 1040 487 1125 significatur.

186 1151 261 1216 Duo
290 1152 390 1237 igitur
410 1151 579 1237 prooemia
606 1149 747 1214 iambica
775 1151 880 1235 primo
904 1150 1134 1236 descriptionis
1159 1153 1238 1217 libro

100 1256 283 1342 praemissa
306 1260 398 1336 sunt,
422 1274 560 1339 quorum
583 1253 689 1339 priore
712 1254 890 1339 imperator
912 1254 1117 1321 Iustiniauus
1143 1277 1238 1343 supra

100 1359 232 1424 modum
255 1398 296 1406 -
324 1359 474 1422 nimirum
504 1358 566 1422 hoc
595 1359 703 1444 ipsum
725 1357 981 1443 Byzantinorum
1012 1364 1128 1424 est-
1153 1362 1238 1425 omni

101 1463 198 1529 laude
216 1465 402 1528 cumulatur
417 1463 575 1547 deusque,
599 1467 636 1525 ut
653 1466 763 1526 servet
786 1483 861 1526 eum
884 1462 1087 1547 apericulis,
1112 1470 1237 1540 oratum

101 1567 295 1633 Theodorae
307 1587 436 1652 quoque
453 1566 651 1651 imperatrici
667 1566 815 1652 quamvis
835 1571 983 1632 mortuae
1000 1568 1237 1653 aliquantulum

100 1672 205 1737 laudis
239 1672 432 1758 impertitur.
492 1670 609 1734 Altera
642 1670 675 1734 in
708 1670 913 1756 praefatione
941 1670 1083 1754 Paulus,
1118 1694 1191 1738 cum
1218 1695 1237 1738 a

99 1776 286 1862 patriarcha
297 1776 460 1862 petiverit,
476 1780 513 1838 ut
525 1773 667 1858 benigne
684 1794 815 1838 carmen
830 1773 952 1853 audiat,
967 1795 1048 1838 usus
1066 1797 1107 1841 ea
1122 1776 1235 1858 forma,

101 1901 199 1964 quam
228 1881 448 1966 captationem
477 1878 727 1944 benevolentiae
755 1899 870 1943 vocare
901 1879 1061 1960 solemus,
1092 1901 1128 1945 se
1151 1879 1235 1946 haud

102 1983 254 2067 ignorare
279 1984 356 2048 solis
380 1984 487 2047 verbis
504 2003 610 2067 neque
640 1983 738 2046 aliam
760 1982 861 2045 ullam
885 2003 955 2046 rem
977 2004 997 2046 a
1022 1982 1084 2047 deo
1109 1990 1233 2068 gestam

101 2107 163 2150 nec
181 2087 246 2151 tale
264 2087 381 2151 summi
396 2087 450 2151 dei
462 2086 646 2151 aedificium
662 2085 803 2150 describi
816 2107 914 2171 posse
933 2086 1124 2171 simpliciter
1139 2087 1232 2152 eonfi-

101 2195 198 2254 tetur.
248 2190 356 2255 Huius
387 2191 550 2256 secundae
589 2190 801 2277 praefationis
839 2190 1116 2275 superscriptione
1156 2192 1231 2256 haee

101 2294 269 2359 dicuntur:
297 2288 428 2360 Τούτων
443 2291 623 2376 λεχθέντων
646 2291 679 2358 ἐν
700 2294 748 2380 τῷ
763 2288 918 2379 actuale)
937 2290 1075 2380 διηρέθη
1097 2295 1117 2381 ἡ
1140 2287 1231 2381 ἀκρό-

101 2419 177 2476 ασις
203 2394 261 2462 καὶ
289 2394 408 2485 ἐλέχθη
435 2393 477 2461 τὰ
504 2392 609 2462 λοιπὰ
638 2394 672 2462 ἕν
697 2398 745 2484 τῷ
766 2390 973 2483 ἑπισνοπείιμ
996 2393 1055 2460 ἐπὶ
1078 2389 1229 2479 Εὗιυχίιν

100 2501 159 2567 τοῦ
188 2493 372 2586 δμιωτάεον
399 2495 603 2587 πατριάρχου
640 2498 887 2586 προλεχθέντων
919 2500 984 2565 τῶν
1014 2493 1229 2586 ὑποκειμένων

102 2598 240 2688 ἰάμβων.
291 2603 381 2668 Loco
416 2605 515 2691 igitur
545 2611 671 2669 mutato
701 2605 772 2690 ipse
804 2605 886 2669 liber
916 2605 1041 2690 primus
1071 2606 1229 2670 recitatur.

102 2707 289 2774 Secundum
305 2729 433 2794 quoque
445 2708 563 2773 librum
578 2709 683 2794 spatio
704 2708 845 2794 quodam
859 2709 1047 2772 intermisso
1065 2710 1233 2775 recitatum

102 2833 176 2876 esse
207 2832 249 2875 ex
277 2811 339 2876 bac
368 2812 645 2899 superscriptione
677 2818 783 2898 patet,
808 2833 907 2897 quae,
937 2813 1098 2876 lacunosa
1119 2819 1157 2878 ut
1179 2815 1240 2887 est,

102 2916 148 2980 sic
172 2921 262 2980 reete
286 2913 454 2981 aGraefio
471 2918 641 3002 expletur:
666 2912 891 3003 διαιρεθείσης
912 2911 1014 2981 πάλιν
1036 2917 1097 3004 τῆς
1119 2906 1244 3004 ἀκροά-

102 3040 193 3101 σεως,
206 3016 456 3106 προελέχθησαν
468 3016 500 3086 oi
510 3013 731 3104 διιοκείμενοι.
767 3021 926 3085 Ambonis
939 3026 1050 3085 autem
1059 3020 1238 3107 descripti*

103 3143 251 3187 seorsum
274 3125 411 3188 recitata
434 3129 495 3206 est,
518 3130 555 3188 ut
577 3124 691 3188 titulus
714 3124 845 3189 edocet:
869 3124 1025 3206 λεχθεῖσα
1046 3119 1231 3205 ἶδιαζόντω

102 3227 185 3309 μετὰ
215 3221 273 3314 τὴν
300 3220 433 3312 πρώτην
461 3222 609 3313 πάροδον
635 3221 693 3315 τὴν
714 3223 855 3314 μεγάλην
877 3225 910 3292 ἒν
932 3228 980 3314 τῷ
1002 3224 1225 3314 ωανριαρχείς

190 3338 296 3421 Illam,
313 3358 410 3423 quam
426 3337 575 3419 vidimus,
592 3340 654 3403 loci
671 3340 883 3403 mutationem
900 3360 965 3404 nou
978 3360 1096 3404 revera
1118 3339 1218 3403 facta?

103 3442 162 3508 sed
185 3465 205 3507 a
227 3448 337 3529 poeta,
360 3447 396 3506 ut
419 3443 555 3507 carmini
571 3465 628 3508 suo
645 3443 766 3528 aliquid
784 3445 953 3509 scaenicae
969 3444 1082 3531 poesis
1101 3443 1203 3530 adspe

101 3551 209 3631 geret,
242 3546 384 3611 effictam
414 3568 486 3612 esse
513 3547 727 3613 Kortuemius
757 3549 908 3633 opinatur
936 3549 970 3631 (l.
994 3548 1015 3614 l.
1048 3548 1082 3610 iu
1106 3546 1206 3613 adul

103 3649 170 3715 Sed
185 3651 420 3736 praetermissa
442 3651 504 3715 hac
520 3652 712 3736 quaestione
728 3652 879 3736 primum,
901 3651 1018 3735 quibus
1034 3651 1196 3737 temporib

103 3754 252 3840 singulae
277 3753 431 3817 carminis
453 3759 564 3839 partes
588 3756 745 3820 recitatae
769 3755 843 3835 sint,
868 3753 1084 3839 disputemus.

188 3858 430 3923 Proficiscimur
458 3880 478 3922 a
505 3859 604 3924 tertia
626 3864 720 3945 parte
743 3859 918 3944 poematis,
942 3858 983 3922 ab
1008 3858 1185 3923 ambonis«

103 3963 296 4049 scriptione,
325 3983 422 4046 quam
454 3963 632 4027 seiunctam
656 3985 675 4027 a
699 3963 826 4029 duobus
850 3962 1122 4028 antecedentibus
1146 3963 1178 4026 lil

102 4072 202 4153 poeta
224 4066 389 4141 recitavit3
418 4064 451 4129 id
479 4067 565 4151 quod
593 4089 635 4132 ex
663 4067 742 4153 ipsis
764 4089 892 4153 quoque
913 4067 1031 4132 iambis
1055 4067 1129 4132 huie
1152 4090 1170 4153 p

190 4273 211 4340 ¹)
230 4270 268 4326 Of.
285 4268 372 4340 primi
391 4270 457 4325 libri
476 4273 593 4327 alteram
611 4271 814 4342 praefationem
833 4273 888 4342 (vv.
901 4273 935 4327 46
949 4275 1030 4343 sqq.).

177 4359 199 4428 ²)
219 4357 259 4413 θλ
280 4355 370 4414 etiam
392 4360 510 4419 verbum
529 4354 767 4434 ἄνειφθέγξομαι.
784 4358 875 4433 praei.
887 4360 975 4414 lton.
