2774 4724
531 332 745 393 ..49-

73 503 190 578 veritus
204 507 263 567 est.
293 498 342 564 Of.
353 500 386 565 V
400 503 472 581 275,
484 503 502 564 5
515 523 520 564 :
537 491 557 588 ἡ
572 502 655 578 παῖς
667 497 703 578 ἒξ
720 492 848 564 ῦπνοιο.
861 499 992 564 ssddd.
1004 536 1045 547 -
1061 498 1204 580 Visst:

71 599 127 670 τὸν
167 603 306 685 χαλκοῦν
341 600 481 690 τέττιχα.
518 603 676 677 ssddd;
721 603 930 688 eiusdemque
969 605 1092 668 formae
1132 608 1207 667 sunt

72 708 120 771 VI
136 712 187 789 54,
204 712 233 772 5.
259 710 310 791 84,
329 710 357 772 7.
380 707 448 771 VII
464 710 537 788 307,
555 707 805 788 3.-V157,5
828 708 975 774 ssdsd.
994 707 1200 788 -V23c,1

70 811 276 876 Ludwichius
301 809 401 895 (Mus.
422 810 485 876 Rh.
510 810 589 874 XLI
611 832 642 896 p.
660 814 722 875 594
740 811 802 896 sq.)
826 812 1012 877 emendavit
1035 812 1156 876 codicis

215 914 336 1002 χρυσῆς
358 908 540 1000 είρῦσσασα
561 909 642 997 μίαν
664 910 760 998 τρίχα
782 913 893 1000 Δωρίς
915 911 1046 1002 έθείρης

70 1019 102 1081 in
124 1013 273 1104 χρυσείης
290 1011 444 1103 ἒρῦσασα,
469 1017 639 1081 adiectivis
665 1038 792 1102 semper
813 1012 947 1103 χρύσεος
970 1024 1026 1081 aut
1047 1020 1204 1104 χρασεῖος,
1243 1007 1247 1015 ’

69 1142 247 1206 numquam
268 1119 406 1206 χρυσοῦς
429 1141 525 1184 usum
549 1142 623 1185 esse
643 1120 784 1185 Paulum
804 1143 951 1186 monens.
975 1159 1016 1169 —
1039 1121 1150 1185 Etiam
1172 1121 1206 1183 in

69 1223 154 1309 pede
170 1223 244 1304 111,
276 1244 374 1307 quem
405 1229 504 1309 pocta
531 1224 564 1286 in
596 1223 747 1309 ccphrasi
775 1225 887 1310 utique
911 1224 1110 1308 dactylicum
1138 1244 1205 1287 ser-

69 1327 179 1408 vabat,
196 1326 359 1411 spondeus
376 1332 486 1391 exstat
501 1327 535 1390 in
552 1326 592 1389 A.
608 1327 646 1392 Ρ.
661 1327 693 1391 V
709 1329 782 1409 228,
799 1332 833 1391 5;
859 1321 1004 1411 ῦμμασιν
1027 1317 1077 1406 οἷς
1094 1321 1206 1392 Ῥοδό-

68 1454 135 1516 ττην
163 1422 201 1495 οῦ
231 1428 387 1516 δέρκομαι
417 1438 474 1494 aut
502 1433 575 1512 279,
595 1435 613 1492 3
635 1427 770 1518 κραδίης
793 1425 926 1516 πορσός.
958 1467 999 1477 -
1028 1430 1205 1494 Maximam

70 1539 179 1597 autem
213 1535 380 1598 licentiam
415 1533 551 1598 exhibet
584 1533 625 1599 A.
650 1534 686 1601 P.
709 1534 759 1598 VI
776 1537 869 1615 75,3
906 1535 1010 1598 tribus
1045 1533 1206 1598 continuis

69 1638 224 1723 spondeis
249 1638 414 1702 admissis:

153 1734 285 1808 Οῦττοτε
306 1736 367 1827 χὰρ
389 1735 556 1827 πλαγκτὸς
577 1743 676 1827 χαρᾶς
697 1740 814 1822 ἐξᾶλτο
837 1736 970 1828 κεραίας

226 1839 277 1923 ἶὸς
297 1844 365 1910 κτλ.

67 1947 155 2020 Quid
178 1970 255 2013 vero
273 1948 418 2013 dicamus
443 1948 483 2012 de
499 1949 662 2013 Nonniani
682 1949 767 2013 illius
783 1949 1012 2028 inconstantia,
1037 1949 1091 2033 qui
1107 1948 1205 2013 etiam

68 2053 101 2115 in
127 2052 210 2138 pede
226 2052 267 2117 V.
286 2052 465 2138 spondeum
481 2073 606 2138 ponere
621 2073 720 2116 ausus
737 2057 806 2116 est?
851 2052 1004 2116 Fortasse
1016 2051 1205 2116 Ludwichio

69 2163 203 2220 auctore
228 2156 358 2220 veniam
382 2156 412 2219 ei
429 2155 593 2233 dabimus,
618 2155 703 2240 quod
726 2156 759 2219 in
784 2156 822 2220 A.
840 2157 877 2221 Ρ.
898 2156 929 2220 V
946 2157 1019 2236 239,
1037 2158 1054 2217 7
1076 2175 1205 2218 versum

69 2252 328 2339 σπονδειάζοντα
344 2260 523 2345 usurpavit.
568 2258 673 2322 Recte
691 2259 776 2322 onim
796 2260 844 2322 vir
860 2259 974 2323 doctus
993 2258 1029 2344 (l.
1044 2260 1066 2325 l.
1082 2281 1113 2344 p.
1128 2255 1204 2341 599)

69 2362 271 2426 demonstrat
295 2368 412 2448 poetae
430 2361 529 2426 verba
550 2353 620 2427 ἆττό
635 2357 744 2446 τριχὸς
758 2354 927 2449 ἠέρτημαι,
952 2363 1068 2448 quibus
1092 2366 1205 2424 notum

67 2467 270 2550 exprimatur
301 2465 509 2550 proverbium
520 2464 561 2550 ¹),
585 2465 636 2528 ad
668 2471 793 2530 certum
825 2466 1012 2551 exemplum
1042 2472 1202 2550 spectare.
1323 2506 1326 2511 >

66 2570 223 2635 Fortasse
248 2569 329 2634 haec
353 2571 424 2656 ipsa
440 2570 542 2634 forma
557 2570 722 2656 proverbii
746 2571 779 2633 in
802 2591 864 2634 usu
887 2575 967 2634 crat.
1012 2571 1062 2634 Ea
1079 2576 1205 2634 tantum
1272 2656 1275 2661 .

67 2674 257 2738 condicione
302 2673 553 2738 audacissimam
597 2673 762 2738 licentiam
807 2676 958 2739 excusari
995 2673 1204 2738 Ludwichius

64 2783 171 2863 putat.
196 2815 234 2823 -
258 2777 329 2842 Nec
351 2778 458 2841 minus
483 2779 645 2862 sagaciter
660 2779 715 2842 'vir
738 2778 853 2842 doctus
878 2779 1015 2842 alterum
1039 2779 1203 2862 epigram-

65 2886 191 2945 matum
223 2880 432 2944 Paulinorum
463 2902 593 2945 versum
623 2881 834 2966 spondiacum
865 2880 1037 2945 demedio
1063 2880 1203 2958 sustulit,

65 2984 109 3046 A.
121 2982 214 3047 Plan.
228 2987 268 3046 57
278 2981 318 3068 2).
362 2983 561 3048 Rectissime
579 2985 664 3048 enim
677 2985 829 3049 refutatis
847 2983 1043 3048 (lohrhardii
1059 2983 1203 3068 (lection.

67 3058 260 3172 Apollin'p.
280 3088 356 3173 146)
375 3089 569 3152 coniecturis
587 3081 669 3152 ἄλλοί
692 3112 733 3172 με
755 3086 847 3176 τέχνη
871 3096 904 3153 et
927 3082 997 3153 ἀλλ’
1021 3080 1038 3152 ὁ
1061 3082 1205 3172 τεχνίτης

67 3190 165 3253 scribi
188 3191 290 3255 voluit
313 3183 396 3256 ἆλλοί
418 3186 435 3255 i
455 3187 557 3277 τέχνη,
586 3192 641 3275 qui
664 3192 772 3255 hiatus
796 3193 925 3256 etiamsi
947 3192 1067 3256 vitatur
1090 3192 1124 3253 in
1146 3190 1203 3253 de-

66 3293 243 3378 scriptione
267 3294 373 3375 Pauli,
398 3302 508 3360 tamen
531 3316 596 3358 non
621 3295 777 3359 abhorret
800 3317 820 3359 a
840 3296 949 3360 Nonni
974 3301 1043 3359 arte
1067 3294 1203 3357 metrica

67 3395 125 3480 (cf.
147 3397 229 3461 infra
251 3420 326 3483 pag.
343 3399 412 3481 58).
457 3398 601 3462 Maxime
625 3419 702 3462 vero
726 3397 890 3462 stabilitur
911 3399 995 3462 haec
1017 3398 1203 3461 coniectura

68 3503 194 3569 duobus
225 3503 429 3569 Ohristodori
458 3505 538 3568 locis
568 3504 611 3568 A.
634 3505 670 3570 P.
693 3504 784 3569 1130
809 3510 842 3568 et
865 3507 915 3567 43.
961 3495 1077 3567 ἀλλοίὲ
1100 3500 1202 3588 τέχνη·

154 3605 289 3671 Duobus
332 3607 493 3671 continuis
530 3607 684 3693 spondeis
728 3609 827 3672 etiam
864 3608 897 3669 in
934 3606 1202 3692 pentametris

70 3708 190 3776 Paulus
214 3712 276 3775 etsi
299 3712 429 3797 parcius
444 3733 524 3775 usus
548 3718 608 3775 est.
648 3711 696 3776 Of.
720 3711 751 3775 V
769 3714 841 3792 258,
858 3715 887 3775 2.
911 3713 983 3790 279,
1001 3713 1028 3774 6.
1053 3708 1101 3772 VI
1119 3710 1201 3789 75,8

72 3812 267 3900 Saepissime
302 3821 410 3879 autern
441 3814 491 3878 his
523 3836 650 3900 quoque
681 3816 714 3878 in
742 3816 891 3879 versibus
923 3815 1026 3878 forma
1054 3812 1103 3874 ds
1123 3811 1128 3894 Ι
1149 3811 1203 3874 dd

73 3919 214 3983 occurrit.

157 4099 176 4166 ¹)
196 4097 235 4152 Cf.
247 4096 384 4151 Ducbner.
403 4096 433 4149 in
451 4096 484 4151 A.
496 4096 527 4150 P.
540 4095 565 4149 V
577 4095 630 4150 230
648 4097 711 4152 adn.
730 4095 895 4150 etLeutsch.
911 4110 1032 4164 parcam.
1050 4111 1091 4161 gr.
1110 4093 1159 4162 Ip.
1169 4094 1203 4148 69

10 4222 12 4243 :
72 4181 105 4235 ad
123 4183 163 4237 47.
182 4213 214 4222 -
233 4183 376 4237 Plutarch.
396 4183 538 4251 Apophth.
558 4185 658 4237 Lacon.
677 4184 730 4236 234
753 4185 775 4236 F
798 4179 830 4235 οῦ
847 4181 974 4254 προσέχω
993 4175 1155 4249 εῦιίαιμονίᾳ
1173 4180 1203 4232 ἐκ

73 4269 195 4337 σχοινίον
213 4264 398 4343 ἀπηρτημένῃ.
440 4270 579 4338 Apostolii
604 4270 682 4324 (lent.
701 4270 741 4323 ΙΙΙ
755 4270 789 4325 50
812 4265 867 4321 rino*
885 4269 984 4322 λεπτοῦ
1006 4264 1086 4336 μίτον
1104 4265 1136 4318 τῦ
1154 4269 1203 4331 ζῆν

71 4351 209 4428 ἠρτῆσθαι.

152 4444 174 4511 ’)
192 4441 232 4497 cf.
250 4440 378 4497 Zeitscbr.
399 4442 417 4497 f.
437 4445 504 4500 dstr.
525 4444 631 4514 Gymn.
649 4445 732 4512 1878,
750 4442 844 4515 pass
859 4459 906 4510 so„
1089 4512 1112 4561 &A
