2774 4724
651 291 865 353 -48..

187 462 220 525 id
237 460 323 546 quod
340 468 474 547 propter
490 483 616 541 sonum,
639 468 675 526 ut
691 463 841 547 equidem
858 462 964 541 credo,
982 463 1126 526 vitavere
1144 462 1177 524 hi
1199 471 1324 548 poetae.

187 565 271 629 Nam
296 566 342 629 sic
367 566 461 650 quasi
485 565 610 630 concidi
635 587 745 630 versus
768 566 848 630 mihi
871 566 1011 630 videtur.

276 673 305 736 2.
340 669 405 733 Sed
429 691 494 733 non
511 676 636 734 tantum
652 692 766 734 versus
783 671 957 735 incisiones
982 692 1025 734 ex
1040 669 1166 734 tabella
1189 692 1210 733 a
1233 669 1326 734 nobis

189 774 315 859 prolata
349 774 518 854 discimus,
554 795 667 838 verum
700 775 798 838 etiam
833 775 941 838 varias
975 773 1160 837 hexametri
1196 771 1327 852 formas,

189 876 437 962 dactylorum
468 883 500 940 et
530 877 800 962 spondeorum
822 899 884 942 usu
908 878 1059 958 effectas,
1084 883 1247 961 quatenus
1272 898 1327 941 cas

189 981 318 1045 admisit
347 981 485 1062 Paulus,
519 1003 561 1045 ex
592 1002 632 1045 ea
665 983 904 1066 cognoscimus.
959 981 1044 1046 Nam
1075 981 1162 1045 hunc
1199 1003 1327 1066 quoque

189 1107 283 1150 usum
307 1107 326 1148 a
348 1085 466 1150 Nonno
490 1085 607 1149 eodem
630 1086 777 1165 consilio,
801 1107 864 1170 quo
890 1106 1021 1170 semper
1042 1085 1197 1149 inductus
1214 1106 1327 1149 versus

190 1190 419 1270 conformavit,
444 1197 661 1276 temperatum
686 1211 774 1270 csse,
797 1196 835 1253 ut
858 1210 1007 1269 versum,
1031 1195 1189 1274 quantum
1212 1190 1327 1274 potuit,

189 1293 341 1358 redderet
373 1294 566 1372 volubilem,
596 1295 750 1379 princeps
781 1294 990 1358 Hermannus
1023 1293 1058 1372 (l.
1074 1294 1095 1356 l.
1118 1314 1151 1378 p.
1168 1291 1248 1377 690)
1277 1293 1327 1356 his

188 1396 297 1460 vorbis
322 1397 574 1461 demonstravit:
599 1397 843 1482 „spondeorum
865 1396 992 1482 pondus
1019 1417 1092 1459 cum
1121 1395 1325 1481 dactylorum

189 1501 391 1564 volubilitate
433 1499 674 1566 commutavit⁷'.
730 1501 837 1565 Etiam
875 1500 1064 1583 diligentius
1097 1499 1185 1563 hunc
1220 1500 1327 1563 Nonni

189 1624 284 1666 usum
322 1609 544 1688 perscrutatus
585 1605 759 1669 Arthurius
796 1603 955 1668 Ludwich
995 1604 1027 1666 in
1070 1602 1178 1666 annal.
1214 1602 1327 1688 philol.

191 1707 279 1788 clx,
303 1730 333 1792 p.
352 1710 412 1771 237
444 1707 553 1772 docuit
581 1713 767 1792 comparato
793 1707 1010 1792 spondeorum
1033 1727 1170 1771 numoro
1197 1708 1327 1792 quintu-

189 1811 277 1895 plam
308 1810 375 1874 fere
399 1810 601 1894 dactylorum
626 1810 864 1874 multitudinem
894 1811 927 1872 in
949 1808 1180 1894 Panopolitani
1203 1810 1327 1895 Diony-

192 1915 289 1979 siacis
305 1915 453 1980 inveniri.
499 1915 615 2000 Itaque
640 1936 683 1979 ex
706 1917 746 1978 32
763 1915 876 1978 formis
892 1934 1006 1978 versus
1022 1912 1194 1978 Homerici
1211 1935 1329 1978 novem

193 2018 279 2103 apud
303 2017 454 2082 Nonnum
480 2025 554 2082 sunt
577 2018 677 2103 (apud
697 2018 944 2082 Christodorum
964 2020 1025 2097 11).
1070 2015 1194 2081 Paulus
1218 2024 1329 2081 autem

193 2123 269 2186 huic
292 2123 366 2186 usui
391 2124 488 2187 ctiam
513 2124 716 2208 angustiores
738 2122 904 2186 constituit
927 2122 1020 2198 fines,
1043 2143 1141 2206 quam
1163 2122 1236 2207 ipse
1260 2143 1327 2185 ma-

193 2228 304 2310 gister.
352 2225 429 2291 Sex
453 2228 538 2291 enim
561 2227 681 2290 formas
706 2247 780 2290 eum
797 2224 985 2289 adhibuisse
1010 2246 1051 2288 ex
1070 2225 1195 2289 tabella
1218 2232 1330 2289 nostra

192 2335 327 2414 apparet
350 2328 406 2412 (cf.
430 2329 598 2395 Ludwich.
615 2329 718 2393 Belo.
734 2352 764 2415 p.
782 2331 847 2412 46).
887 2329 973 2392 Nam
994 2329 1089 2392 sicuti
1104 2328 1224 2392 Nonno
1248 2328 1329 2392 duce

195 2431 374 2517 spondeum
392 2434 521 2497 omnino
539 2434 683 2517 reppulit
705 2453 747 2496 ex
770 2433 883 2517 quinta
907 2452 1020 2496 vorsus
1045 2430 1134 2510 sede,
1157 2433 1205 2495 ita
1227 2452 1265 2495 eo
1288 2452 1328 2494 nc

194 2537 226 2599 in
257 2537 354 2600 tertio
384 2536 514 2620 quidem
543 2536 629 2622 pede
652 2558 730 2600 usus
754 2543 817 2616 est,
840 2557 936 2621 quam
960 2536 1001 2599 ob
1028 2555 1096 2598 rem
1130 2541 1197 2598 tres
1221 2534 1330 2598 Nouoi

179 2641 314 2704 'formae
355 2639 441 2724 apud
477 2640 615 2703 Paulum
651 2639 889 2705 desiderantur.
946 2637 1046 2702 Ouius
1081 2659 1160 2702 usus
1196 2659 1330 2702 causam

193 2742 329 2807 candem
364 2749 457 2826 puto,
493 2764 556 2827 qua
584 2742 719 2806 Nonnus
743 2742 939 2821 ducebatur,
968 2746 1004 2804 ut
1031 2741 1227 2806 hexametro
1248 2743 1331 2807 levi-

98 2859 102 2865 “
192 2865 264 2909 oros
288 2867 411 2931 pennas
442 2845 613 2909 tribueret.
659 2845 743 2908 Nam
773 2846 799 2909 si
822 2850 897 2929 post
919 2863 1052 2928 gravem
1076 2844 1330 2928 semiquinariae

193 2950 381 3013 incisionem
423 2949 560 3012 alterum
598 2947 836 3011 hemistichium
867 2968 886 3010 a
916 2948 1016 3031 longa
1045 2947 1173 3032 syllaba
1203 2949 1329 3034 incipit,

192 3053 293 3115 multo
318 3051 492 3115 tardiorem
516 3050 585 3113 ficri
609 3070 721 3113 versus
744 3051 877 3128 fluxum,
902 3069 998 3132 quam
1023 3049 1050 3112 si
1067 3050 1235 3114 levissimo
1252 3073 1330 3116 ana-

192 3155 298 3239 paesti
323 3154 472 3237 rhythmo
497 3154 598 3216 oratio
623 3153 794 3238 excipitur,
817 3153 958 3216 sortasse
982 3173 1048 3216 non
1070 3153 1217 3237 negabis.

278 3257 362 3322 Item
379 3258 576 3322 severiorem
602 3256 876 3342 deprehendimus
892 3255 1031 3319 Paulum
1053 3277 1151 3340 quam
1173 3257 1328 3322 Nonnum

193 3367 248 3425 aut
283 3361 352 3424 eius
388 3359 537 3424 adseclas
577 3380 754 3444 numquam
787 3358 940 3423 adhibitis
974 3359 1101 3423 duobus
1140 3362 1331 3445 spondeis

192 3464 408 3542 continuis,
442 3463 473 3526 id
498 3462 582 3547 quod
601 3464 747 3547 quamvis
765 3483 861 3548 parce
880 3462 1011 3526 admisit
1026 3461 1164 3528 Nonnus
1187 3464 1221 3527 in
1245 3464 1331 3550 pede

191 3567 234 3632 Il.
260 3572 294 3631 et
317 3565 411 3651 1111)

279 3670 378 3734 Hunc
390 3691 484 3733 usum
502 3670 597 3734 valde
615 3691 764 3734 severum
777 3669 917 3734 Paulum
928 3671 960 3733 in
974 3669 1015 3735 A.
1029 3670 1064 3733 P.
1083 3671 1331 3756 epigrammatis

192 3794 257 3837 non
282 3794 411 3859 semper
434 3780 581 3836 secutum
606 3793 678 3837 esse
700 3773 857 3839 videmus.
902 3773 986 3838 Nam
1012 3795 1209 3859 quamquam
1233 3776 1332 3840 etiam

191 3880 224 3941 in
263 3877 313 3940 his
349 3875 545 3940 carminibus
575 3877 716 3941 leviores
748 3877 931 3941 hexametri
965 3878 1088 3942 formae
1121 3879 1331 3964 (saepissime

193 3979 339 4044 dsddd
375 3986 408 4044 et
440 3979 607 4062 ddddd)
636 3980 840 4065 praevalent,
872 3986 981 4044 tamen
1011 3981 1185 4046 nonnullos
1217 4003 1331 4047 versus

191 4084 342 4168 legimus,
367 4083 484 4167 quibus
501 4090 598 4168 poeta
616 4083 697 4148 duos
720 4084 882 4168 spondeos
900 4084 1071 4148 continuos
1087 4084 1246 4150 adhibere
1268 4107 1332 4150 non

282 4323 302 4387 1)
321 4322 361 4376 Dc
379 4322 592 4377 Nonnianorum
603 4323 699 4378 usucf.
715 4322 855 4376 Ludwich.
875 4322 956 4376 Bcitr.
970 4323 987 4376 l.
999 4322 1017 4376 l.
1045 4322 1216 4380 Volkmann.
1236 4342 1332 4379 comm.

183 4427 226 4481 ep.
242 4427 272 4480 p.
293 4408 335 4465 24.
373 4409 491 4482 Baumg.
512 4428 539 4481 p.
549 4411 593 4466 29.
1042 4416 1046 4422 ’
