<?xml version="1.0" encoding="UTF-8"?>
<!DOCTYPE html PUBLIC "-//W3C//DTD XHTML 1.0 Transitional//EN"
    "http://www.w3.org/TR/xhtml1/DTD/xhtml1-transitional.dtd">
<html xmlns="http://www.w3.org/1999/xhtml" xml:lang="en" lang="en">
 <head>
  <title>
</title>
<meta http-equiv="Content-Type" content="text/html;charset=utf-8" />
  <meta name='ocr-system' content='tesseract 3.04.00' />
  <meta name='ocr-capabilities' content='ocr_page ocr_carea ocr_par ocr_line ocrx_word'/>
</head>
<body>
  <div class='ocr_page' id='page_1' title='image "./depaulosilentia00merigoog_0049.png"; bbox 0 0 2774 4724; ppageno 0'>
   <div class='ocr_carea' id='block_1_1' title="bbox 579 334 790 394">
    <p class='ocr_par' dir='ltr' id='par_1_1' title="bbox 579 334 790 394">
     <span class='ocr_line' id='line_1_1' title="bbox 579 334 790 394; baseline 0 -16"><span class='ocrx_word' id='word_1_1' title='bbox 579 334 790 394; x_wconf 74' lang='lat'>..40-</span> 
     </span>
    </p>
   </div>
   <div class='ocr_carea' id='block_1_2' title="bbox 120 501 1263 2866">
    <p class='ocr_par' dir='ltr' id='par_1_2' title="bbox 120 501 1263 2866">
     <span class='ocr_line' id='line_1_2' title="bbox 121 501 1257 585; baseline -0.004 -18"><span class='ocrx_word' id='word_1_2' title='bbox 121 506 169 568; x_wconf 91' lang='lat' dir='ltr'>cis</span> <span class='ocrx_word' id='word_1_3' title='bbox 185 505 315 568; x_wconf 77' lang='lat' dir='ltr'>eluceat</span> <span class='ocrx_word' id='word_1_4' title='bbox 331 504 469 567; x_wconf 89' lang='lat' dir='ltr'>Paulum</span> <span class='ocrx_word' id='word_1_5' title='bbox 487 511 631 566; x_wconf 88' lang='lat' dir='ltr'>nestrum</span> <span class='ocrx_word' id='word_1_6' title='bbox 649 509 815 566; x_wconf 79' lang='lat' dir='ltr'>auctorem</span> <span class='ocrx_word' id='word_1_7' title='bbox 831 523 895 565; x_wconf 95' lang='lat' dir='ltr'>non</span> <span class='ocrx_word' id='word_1_8' title='bbox 920 523 1003 581; x_wconf 89' lang='lat' dir='ltr'>esse,</span> <span class='ocrx_word' id='word_1_9' title='bbox 1026 501 1114 565; x_wconf 92' lang='lat' dir='ltr'>haud</span> <span class='ocrx_word' id='word_1_10' title='bbox 1131 501 1257 585; x_wconf 81' lang='lat' dir='ltr'>ign0r03</span> 
     </span>
     <span class='ocr_line' id='line_1_3' title="bbox 120 606 1258 692; baseline -0.003 -21"><span class='ocrx_word' id='word_1_11' title='bbox 120 609 229 692; x_wconf 89' lang='lat' dir='ltr'>itaque</span> <span class='ocrx_word' id='word_1_12' title='bbox 254 607 349 672; x_wconf 88' lang='lat' dir='ltr'>valdo</span> <span class='ocrx_word' id='word_1_13' title='bbox 373 608 482 688; x_wconf 89' lang='lat' dir='ltr'>doleo,</span> <span class='ocrx_word' id='word_1_14' title='bbox 516 607 602 692; x_wconf 92' lang='lat' dir='ltr'>quod</span> <span class='ocrx_word' id='word_1_15' title='bbox 632 629 674 671; x_wconf 86' lang='grc'>111</span> <span class='ocrx_word' id='word_1_16' title='bbox 702 612 773 670; x_wconf 84' lang='grc'><strong>1111</strong></span> <span class='ocrx_word' id='word_1_17' title='bbox 796 606 933 670; x_wconf 90' lang='lat' dir='ltr'>metrica</span> <span class='ocrx_word' id='word_1_18' title='bbox 962 612 1019 669; x_wconf 92' lang='lat' dir='ltr'>aut</span> <span class='ocrx_word' id='word_1_19' title='bbox 1042 626 1086 669; x_wconf 84' lang='lat' dir='ltr'>ex</span> <span class='ocrx_word' id='word_1_20' title='bbox 1111 627 1258 668; x_wconf 88' lang='lat' dir='ltr'>sermone</span> 
     </span>
     <span class='ocr_line' id='line_1_4' title="bbox 122 709 1258 797; baseline -0.004 -23"><span class='ocrx_word' id='word_1_21' title='bbox 122 713 165 776; x_wconf 94' lang='lat' dir='ltr'>nil</span> <span class='ocrx_word' id='word_1_22' title='bbox 191 713 392 791; x_wconf 81' lang='lat' dir='ltr'>enucleatur,</span> <span class='ocrx_word' id='word_1_23' title='bbox 417 713 537 797; x_wconf 88' lang='lat' dir='ltr'>quippe</span> <span class='ocrx_word' id='word_1_24' title='bbox 561 732 644 796; x_wconf 89' lang='lat' dir='ltr'>quae</span> <span class='ocrx_word' id='word_1_25' title='bbox 669 732 741 774; x_wconf 90' lang='lat' dir='ltr'>eum</span> <span class='ocrx_word' id='word_1_26' title='bbox 766 709 1029 773; x_wconf 85' lang='lat' dir='ltr'>hexametrorum</span> <span class='ocrx_word' id='word_1_27' title='bbox 1054 713 1141 788; x_wconf 87' lang='lat' dir='ltr'>arte,</span> <span class='ocrx_word' id='word_1_28' title='bbox 1165 729 1258 792; x_wconf 93' lang='lat' dir='ltr'>quam</span> 
     </span>
     <span class='ocr_line' id='line_1_5' title="bbox 121 812 1259 897; baseline -0.004 -19"><span class='ocrx_word' id='word_1_29' title='bbox 121 817 153 878; x_wconf 94' lang='lat' dir='ltr'>in</span> <span class='ocrx_word' id='word_1_30' title='bbox 178 815 270 879; x_wconf 90' lang='lat' dir='ltr'>Pauli</span> <span class='ocrx_word' id='word_1_31' title='bbox 304 816 501 879; x_wconf 83' lang='lat' dir='ltr'>carminibus</span> <span class='ocrx_word' id='word_1_32' title='bbox 531 815 728 891; x_wconf 86' lang='lat' dir='ltr'>invenimus,</span> <span class='ocrx_word' id='word_1_33' title='bbox 761 813 943 897; x_wconf 90' lang='lat' dir='ltr'>comparari</span> <span class='ocrx_word' id='word_1_34' title='bbox 965 817 1141 896; x_wconf 84' lang='lat' dir='ltr'>nequeant.</span> <span class='ocrx_word' id='word_1_35' title='bbox 1188 812 1259 875; x_wconf 93' lang='lat' dir='ltr'>Hee</span> 
     </span>
     <span class='ocr_line' id='line_1_6' title="bbox 122 915 1260 1002; baseline -0.005 -19"><span class='ocrx_word' id='word_1_36' title='bbox 122 924 230 983; x_wconf 87' lang='lat' dir='ltr'>autem</span> <span class='ocrx_word' id='word_1_37' title='bbox 243 917 381 982; x_wconf 89' lang='lat' dir='ltr'>adiciam</span> <span class='ocrx_word' id='word_1_38' title='bbox 397 918 496 982; x_wconf 89' lang='lat' dir='ltr'>talem</span> <span class='ocrx_word' id='word_1_39' title='bbox 511 918 684 982; x_wconf 89' lang='lat' dir='ltr'>verborum</span> <span class='ocrx_word' id='word_1_40' title='bbox 702 917 981 1002; x_wconf 83' lang='lat' dir='ltr'>compositionem,</span> <span class='ocrx_word' id='word_1_41' title='bbox 998 915 1104 999; x_wconf 89' lang='lat' dir='ltr'>qualis</span> <span class='ocrx_word' id='word_1_42' title='bbox 1122 917 1260 979; x_wconf 89' lang='lat' dir='ltr'>occurrit</span> 
     </span>
     <span class='ocr_line' id='line_1_7' title="bbox 121 1011 1260 1109; baseline -0.002 -24"><span class='ocrx_word' id='word_1_43' title='bbox 121 1022 155 1085; x_wconf 91' lang='lat' dir='ltr'>in</span> <span class='ocrx_word' id='word_1_44' title='bbox 179 1014 700 1109; x_wconf 76' lang='grc' dir='ltr'><strong>1111111111ἆναρχοφωτὸμυστον</strong></span> <span class='ocrx_word' id='word_1_45' title='bbox 722 1019 766 1104; x_wconf 84' lang='lat' dir='ltr'>(v.</span> <span class='ocrx_word' id='word_1_46' title='bbox 786 1020 862 1105; x_wconf 85' lang='grc'><strong>174)</strong></span> <span class='ocrx_word' id='word_1_47' title='bbox 886 1026 919 1084; x_wconf 87' lang='grc'>11</span> <span class='ocrx_word' id='word_1_48' title='bbox 934 1011 1260 1104; x_wconf 63' lang='grc' dir='ltr'><strong><em>ἆῤῥητολεπόπνευ-</em></strong></span> 
     </span>
     <span class='ocr_line' id='line_1_8' title="bbox 123 1122 1260 1211; baseline -0.004 -21"><span class='ocrx_word' id='word_1_49' title='bbox 123 1145 201 1190; x_wconf 77' lang='grc' dir='ltr'><em>στον</em></span> <span class='ocrx_word' id='word_1_50' title='bbox 224 1125 268 1209; x_wconf 90' lang='lat' dir='ltr'>(v.</span> <span class='ocrx_word' id='word_1_51' title='bbox 288 1127 361 1207; x_wconf 79' lang='grc'><strong>175)</strong></span> <span class='ocrx_word' id='word_1_52' title='bbox 385 1147 520 1211; x_wconf 88' lang='lat' dir='ltr'>prorsus</span> <span class='ocrx_word' id='word_1_53' title='bbox 544 1125 719 1190; x_wconf 91' lang='lat' dir='ltr'>abhorrere</span> <span class='ocrx_word' id='word_1_54' title='bbox 743 1123 873 1188; x_wconf 91' lang='lat' dir='ltr'>aPauli</span> <span class='ocrx_word' id='word_1_55' title='bbox 897 1142 1059 1187; x_wconf 88' lang='lat' dir='ltr'>sermone.</span> <span class='ocrx_word' id='word_1_56' title='bbox 1104 1122 1177 1186; x_wconf 90' lang='lat' dir='ltr'>Nee</span> <span class='ocrx_word' id='word_1_57' title='bbox 1200 1123 1260 1186; x_wconf 89' lang='lat' dir='ltr'>hoc</span> 
     </span>
     <span class='ocr_line' id='line_1_9' title="bbox 124 1216 1261 1314; baseline -0.003 -21"><span class='ocrx_word' id='word_1_58' title='bbox 124 1229 254 1293; x_wconf 88' lang='lat' dir='ltr'>silentio</span> <span class='ocrx_word' id='word_1_59' title='bbox 271 1235 478 1314; x_wconf 88' lang='lat' dir='ltr'>praeteream</span> <span class='ocrx_word' id='word_1_60' title='bbox 501 1230 534 1293; x_wconf 94' lang='lat' dir='ltr'>in</span> <span class='ocrx_word' id='word_1_61' title='bbox 556 1229 720 1292; x_wconf 81' lang='lat' dir='ltr'>nonnullis</span> <span class='ocrx_word' id='word_1_62' title='bbox 744 1216 894 1292; x_wconf 76' lang='lat' dir='ltr'>uersibus</span> <span class='ocrx_word' id='word_1_63' title='bbox 916 1227 1079 1291; x_wconf 91' lang='lat' dir='ltr'>continuis</span> <span class='ocrx_word' id='word_1_64' title='bbox 1096 1228 1261 1292; x_wconf 87' lang='lat' dir='ltr'>clausulas</span> 
     </span>
     <span class='ocr_line' id='line_1_10' title="bbox 121 1330 1259 1417; baseline 0 -23"><span class='ocrx_word' id='word_1_65' title='bbox 121 1332 206 1396; x_wconf 92' lang='lat' dir='ltr'>inter</span> <span class='ocrx_word' id='word_1_66' title='bbox 229 1353 264 1396; x_wconf 91' lang='lat' dir='ltr'>se</span> <span class='ocrx_word' id='word_1_67' title='bbox 289 1339 508 1396; x_wconf 86' lang='lat' dir='ltr'>consonantes</span> <span class='ocrx_word' id='word_1_68' title='bbox 531 1353 584 1396; x_wconf 91' lang='lat' dir='ltr'>me</span> <span class='ocrx_word' id='word_1_69' title='bbox 600 1332 796 1417; x_wconf 80' lang='lat' dir='ltr'>repperisse,</span> <span class='ocrx_word' id='word_1_70' title='bbox 820 1331 854 1395; x_wconf 91' lang='lat' dir='ltr'>id</span> <span class='ocrx_word' id='word_1_71' title='bbox 877 1330 964 1415; x_wconf 94' lang='lat' dir='ltr'>quod</span> <span class='ocrx_word' id='word_1_72' title='bbox 984 1331 1120 1395; x_wconf 89' lang='lat' dir='ltr'>consilio</span> <span class='ocrx_word' id='word_1_73' title='bbox 1137 1331 1259 1396; x_wconf 86' lang='lat' dir='ltr'>factum</span> 
     </span>
     <span class='ocr_line' id='line_1_11' title="bbox 121 1434 1260 1521; baseline 0.001 -23"><span class='ocrx_word' id='word_1_74' title='bbox 121 1440 154 1498; x_wconf 91' lang='lat' dir='ltr'>et</span> <span class='ocrx_word' id='word_1_75' title='bbox 185 1435 403 1519; x_wconf 86' lang='lat' dir='ltr'>posteriorum</span> <span class='ocrx_word' id='word_1_76' title='bbox 435 1440 619 1521; x_wconf 89' lang='lat' dir='ltr'>temporum</span> <span class='ocrx_word' id='word_1_77' title='bbox 651 1455 724 1499; x_wconf 90' lang='lat' dir='ltr'>esse</span> <span class='ocrx_word' id='word_1_78' title='bbox 753 1434 906 1514; x_wconf 89' lang='lat' dir='ltr'>arbitror,</span> <span class='ocrx_word' id='word_1_79' title='bbox 935 1434 1020 1498; x_wconf 90' lang='lat' dir='ltr'>sicut</span> <span class='ocrx_word' id='word_1_80' title='bbox 1042 1435 1077 1498; x_wconf 93' lang='lat' dir='ltr'>in</span> <span class='ocrx_word' id='word_1_81' title='bbox 1101 1435 1260 1515; x_wconf 87' lang='lat' dir='ltr'>versibus,</span> 
     </span>
     <span class='ocr_line' id='line_1_12' title="bbox 122 1529 1108 1602; baseline -0.003 0"><span class='ocrx_word' id='word_1_82' title='bbox 122 1546 158 1602; x_wconf 94' lang='lat' dir='ltr'>ut</span> <span class='ocrx_word' id='word_1_83' title='bbox 180 1538 240 1601; x_wconf 93' lang='lat' dir='ltr'>hes</span> <span class='ocrx_word' id='word_1_84' title='bbox 264 1544 391 1601; x_wconf 89' lang='lat' dir='ltr'>tantum</span> <span class='ocrx_word' id='word_1_85' title='bbox 415 1559 619 1602; x_wconf 89' lang='lat' dir='ltr'>enumerem:</span> <span class='ocrx_word' id='word_1_86' title='bbox 1106 1529 1108 1535; x_wconf 69' lang='grc'><strong>’</strong></span> 
     </span>
     <span class='ocr_line' id='line_1_13' title="bbox 253 1634 1261 1726; baseline -0.001 -21"><span class='ocrx_word' id='word_1_87' title='bbox 253 1643 336 1705; x_wconf 87' lang='grc'>3-8</span> <span class='ocrx_word' id='word_1_88' title='bbox 361 1642 555 1707; x_wconf 81' lang='grc' dir='ltr'><em>νοσοῦσι-</em></span> <span class='ocrx_word' id='word_1_89' title='bbox 580 1641 693 1705; x_wconf 79' lang='grc' dir='ltr'><strong>πᾶσιν.</strong></span> <span class='ocrx_word' id='word_1_90' title='bbox 738 1635 873 1726; x_wconf 81' lang='grc' dir='ltr'><em>δώρημα</em></span> <span class='ocrx_word' id='word_1_91' title='bbox 896 1678 935 1687; x_wconf 94' lang='grc'><strong>-</strong></span> <span class='ocrx_word' id='word_1_92' title='bbox 959 1634 1119 1726; x_wconf 73' lang='grc' dir='ltr'>γάνυσμα.</span> <span class='ocrx_word' id='word_1_93' title='bbox 1165 1636 1261 1720; x_wconf 85' lang='grc' dir='ltr'><em>δείξω</em></span> 
     </span>
     <span class='ocr_line' id='line_1_14' title="bbox 253 1737 1262 1830; baseline -0.002 -20"><span class='ocrx_word' id='word_1_94' title='bbox 253 1785 292 1794; x_wconf 93' lang='grc'>-</span> <span class='ocrx_word' id='word_1_95' title='bbox 322 1740 456 1825; x_wconf 82' lang='grc' dir='ltr'><em>διδάξω.</em></span> <span class='ocrx_word' id='word_1_96' title='bbox 508 1750 558 1810; x_wconf 85' lang='grc'>51.</span> <span class='ocrx_word' id='word_1_97' title='bbox 578 1749 619 1808; x_wconf 81' lang='lat'>52</span> <span class='ocrx_word' id='word_1_98' title='bbox 647 1737 867 1823; x_wconf 67' lang='lat' dir='ltr'>ustrluerg&#39;-</span> <span class='ocrx_word' id='word_1_99' title='bbox 895 1738 1100 1830; x_wconf 80' lang='grc' dir='ltr'><em>βροντώδεις.</em></span> <span class='ocrx_word' id='word_1_100' title='bbox 1153 1749 1206 1810; x_wconf 86' lang='grc'>65.</span> <span class='ocrx_word' id='word_1_101' title='bbox 1222 1748 1262 1808; x_wconf 92' lang='grc'>66</span> 
     </span>
     <span class='ocr_line' id='line_1_15' title="bbox 255 1842 1262 1935; baseline -0.001 -22"><span class='ocrx_word' id='word_1_102' title='bbox 255 1849 517 1935; x_wconf 75' lang='grc' dir='ltr'><em>α’ναῤῥοιβδεῖται</em></span> <span class='ocrx_word' id='word_1_103' title='bbox 541 1886 579 1896; x_wconf 90' lang='grc'><strong>-</strong></span> <span class='ocrx_word' id='word_1_104' title='bbox 605 1846 784 1914; x_wconf 54' lang='lat' dir='ltr'>marciaco.</span> <span class='ocrx_word' id='word_1_105' title='bbox 849 1852 918 1914; x_wconf 83' lang='lat'><strong>167.</strong></span> <span class='ocrx_word' id='word_1_106' title='bbox 944 1850 1003 1912; x_wconf 89' lang='grc'>168</span> <span class='ocrx_word' id='word_1_107' title='bbox 1027 1842 1109 1913; x_wconf 71' lang='grc' dir='ltr'>θεόν</span> <span class='ocrx_word' id='word_1_108' title='bbox 1137 1868 1199 1913; x_wconf 91' lang='grc' dir='ltr'>σου</span> <span class='ocrx_word' id='word_1_109' title='bbox 1221 1886 1262 1894; x_wconf 89' lang='grc'>-</span> 
     </span>
     <span class='ocr_line' id='line_1_16' title="bbox 253 1946 1261 2038; baseline 0 -22"><span class='ocrx_word' id='word_1_110' title='bbox 253 1946 429 2038; x_wconf 54' lang='lat' dir='ltr'>maerdice.</span> <span class='ocrx_word' id='word_1_111' title='bbox 484 1954 650 2015; x_wconf 85' lang='grc'><strong>111-113</strong></span> <span class='ocrx_word' id='word_1_112' title='bbox 674 1953 804 2034; x_wconf 79' lang='grc' dir='ltr'><em>πνεῦμα</em></span> <span class='ocrx_word' id='word_1_113' title='bbox 827 1989 869 1999; x_wconf 90' lang='grc'><strong>-</strong></span> <span class='ocrx_word' id='word_1_114' title='bbox 901 1956 1039 2038; x_wconf 73' lang='grc' dir='ltr'><strong><em>πρᾶγμα</em></strong></span> <span class='ocrx_word' id='word_1_115' title='bbox 1063 1988 1104 1998; x_wconf 94' lang='grc'><strong>-</strong></span> <span class='ocrx_word' id='word_1_116' title='bbox 1133 1952 1261 2035; x_wconf 75' lang='grc' dir='ltr'><strong>θαῦμα.</strong></span> 
     </span>
     <span class='ocr_line' id='line_1_17' title="bbox 256 2048 813 2143; baseline 0.004 -25"><span class='ocrx_word' id='word_1_117' title='bbox 256 2057 406 2121; x_wconf 76' lang='grc'><strong>1811189</strong></span> <span class='ocrx_word' id='word_1_118' title='bbox 429 2050 642 2143; x_wconf 74' lang='grc' dir='ltr'><em>ζητήσεις-</em></span> <span class='ocrx_word' id='word_1_119' title='bbox 666 2048 813 2134; x_wconf 71' lang='grc' dir='ltr'>θεώσεις.</span> 
     </span>
     <span class='ocr_line' id='line_1_18' title="bbox 125 2157 1261 2243; baseline 0.001 -21"><span class='ocrx_word' id='word_1_120' title='bbox 125 2158 348 2223; x_wconf 80' lang='lat' dir='ltr'>Consideratis</span> <span class='ocrx_word' id='word_1_121' title='bbox 365 2159 415 2223; x_wconf 86' lang='lat' dir='ltr'>his</span> <span class='ocrx_word' id='word_1_122' title='bbox 433 2158 582 2223; x_wconf 92' lang='lat' dir='ltr'>omuibus</span> <span class='ocrx_word' id='word_1_123' title='bbox 600 2158 751 2243; x_wconf 89' lang='lat' dir='ltr'>equidem</span> <span class='ocrx_word' id='word_1_124' title='bbox 774 2180 793 2222; x_wconf 92' lang='lat' dir='ltr'>a</span> <span class='ocrx_word' id='word_1_125' title='bbox 808 2159 911 2223; x_wconf 90' lang='lat' dir='ltr'>Paulo</span> <span class='ocrx_word' id='word_1_126' title='bbox 931 2164 1042 2223; x_wconf 92' lang='lat' dir='ltr'>nostro</span> <span class='ocrx_word' id='word_1_127' title='bbox 1059 2157 1261 2224; x_wconf 88' lang='lat' dir='ltr'>lustinianeo</span> 
     </span>
     <span class='ocr_line' id='line_1_19' title="bbox 124 2261 1263 2347; baseline 0 -22"><span class='ocrx_word' id='word_1_128' title='bbox 124 2263 187 2326; x_wconf 89' lang='lat' dir='ltr'>hoc</span> <span class='ocrx_word' id='word_1_129' title='bbox 204 2283 335 2327; x_wconf 90' lang='lat' dir='ltr'>carmen</span> <span class='ocrx_word' id='word_1_130' title='bbox 353 2262 514 2327; x_wconf 88' lang='lat' dir='ltr'>abiudico.</span> <span class='ocrx_word' id='word_1_131' title='bbox 560 2262 633 2326; x_wconf 90' lang='lat' dir='ltr'>Hoc</span> <span class='ocrx_word' id='word_1_132' title='bbox 656 2284 698 2326; x_wconf 93' lang='lat' dir='ltr'>ne</span> <span class='ocrx_word' id='word_1_133' title='bbox 722 2263 924 2327; x_wconf 90' lang='lat' dir='ltr'>aveteribus</span> <span class='ocrx_word' id='word_1_134' title='bbox 946 2261 1077 2347; x_wconf 91' lang='lat' dir='ltr'>quidem</span> <span class='ocrx_word' id='word_1_135' title='bbox 1102 2262 1175 2327; x_wconf 91' lang='lat' dir='ltr'>sine</span> <span class='ocrx_word' id='word_1_136' title='bbox 1197 2262 1263 2325; x_wconf 86' lang='lat' dir='ltr'>ulla</span> 
     </span>
     <span class='ocr_line' id='line_1_20' title="bbox 124 2363 1261 2431; baseline 0 -2"><span class='ocrx_word' id='word_1_137' title='bbox 124 2365 328 2429; x_wconf 89' lang='lat' dir='ltr'>dubitatione</span> <span class='ocrx_word' id='word_1_138' title='bbox 358 2363 461 2429; x_wconf 90' lang='lat' dir='ltr'>Paulo</span> <span class='ocrx_word' id='word_1_139' title='bbox 490 2371 602 2429; x_wconf 92' lang='lat' dir='ltr'>nostro</span> <span class='ocrx_word' id='word_1_140' title='bbox 633 2365 791 2429; x_wconf 91' lang='lat' dir='ltr'>tributum</span> <span class='ocrx_word' id='word_1_141' title='bbox 821 2387 895 2431; x_wconf 90' lang='lat' dir='ltr'>esse</span> <span class='ocrx_word' id='word_1_142' title='bbox 925 2366 1060 2430; x_wconf 89' lang='lat' dir='ltr'>forsitan</span> <span class='ocrx_word' id='word_1_143' title='bbox 1084 2366 1162 2429; x_wconf 91' lang='lat' dir='ltr'>iude</span> <span class='ocrx_word' id='word_1_144' title='bbox 1186 2386 1261 2429; x_wconf 90' lang='lat' dir='ltr'>ocu-</span> 
     </span>
     <span class='ocr_line' id='line_1_21' title="bbox 124 2467 1261 2555; baseline -0.003 -21"><span class='ocrx_word' id='word_1_145' title='bbox 124 2469 256 2534; x_wconf 90' lang='lat' dir='ltr'>cludere</span> <span class='ocrx_word' id='word_1_146' title='bbox 279 2468 394 2546; x_wconf 89' lang='lat' dir='ltr'>liceat,</span> <span class='ocrx_word' id='word_1_147' title='bbox 424 2467 509 2552; x_wconf 94' lang='lat' dir='ltr'>qued</span> <span class='ocrx_word' id='word_1_148' title='bbox 536 2468 606 2531; x_wconf 90' lang='lat' dir='ltr'>fieri</span> <span class='ocrx_word' id='word_1_149' title='bbox 629 2469 751 2552; x_wconf 92' lang='lat' dir='ltr'>potuit,</span> <span class='ocrx_word' id='word_1_150' title='bbox 774 2474 810 2531; x_wconf 92' lang='lat' dir='ltr'>ut</span> <span class='ocrx_word' id='word_1_151' title='bbox 833 2469 1065 2555; x_wconf 90' lang='lat' dir='ltr'>superscriptio</span> <span class='ocrx_word' id='word_1_152' title='bbox 1091 2475 1124 2534; x_wconf 92' lang='lat' dir='ltr'>et</span> <span class='ocrx_word' id='word_1_153' title='bbox 1147 2490 1261 2534; x_wconf 88' lang='lat' dir='ltr'>versus</span> 
     </span>
     <span class='ocr_line' id='line_1_22' title="bbox 124 2563 1263 2656; baseline -0.001 -19"><span class='ocrx_word' id='word_1_154' title='bbox 124 2574 180 2637; x_wconf 88' lang='lat' dir='ltr'>ille</span> <span class='ocrx_word' id='word_1_155' title='bbox 204 2571 489 2656; x_wconf 88' lang='lat' dir='ltr'>interpolarentur.</span> <span class='ocrx_word' id='word_1_156' title='bbox 533 2570 688 2634; x_wconf 83' lang='lat' dir='ltr'>Fortasse</span> <span class='ocrx_word' id='word_1_157' title='bbox 715 2570 776 2635; x_wconf 91' lang='lat' dir='ltr'>hcc</span> <span class='ocrx_word' id='word_1_158' title='bbox 804 2593 934 2637; x_wconf 90' lang='lat' dir='ltr'>carmen</span> <span class='ocrx_word' id='word_1_159' title='bbox 958 2572 1050 2656; x_wconf 84' lang='lat' dir='ltr'>quasi</span> <span class='ocrx_word' id='word_1_160' title='bbox 1075 2563 1263 2638; x_wconf 78' lang='grc' dir='ltr'><em>ἀδέσποτον</em></span> 
     </span>
     <span class='ocr_line' id='line_1_23' title="bbox 123 2673 1262 2760; baseline 0.002 -22"><span class='ocrx_word' id='word_1_161' title='bbox 123 2676 156 2739; x_wconf 92' lang='lat' dir='ltr'>in</span> <span class='ocrx_word' id='word_1_162' title='bbox 181 2674 291 2740; x_wconf 89' lang='lat' dir='ltr'>codice</span> <span class='ocrx_word' id='word_1_163' title='bbox 309 2674 448 2760; x_wconf 90' lang='lat' dir='ltr'>quodam</span> <span class='ocrx_word' id='word_1_164' title='bbox 464 2674 567 2738; x_wconf 90' lang='lat' dir='ltr'>Paulo</span> <span class='ocrx_word' id='word_1_165' title='bbox 584 2673 784 2760; x_wconf 90' lang='lat' dir='ltr'>adscriptum</span> <span class='ocrx_word' id='word_1_166' title='bbox 808 2681 869 2755; x_wconf 92' lang='lat' dir='ltr'>est,</span> <span class='ocrx_word' id='word_1_167' title='bbox 890 2675 976 2740; x_wconf 91' lang='lat' dir='ltr'>unde</span> <span class='ocrx_word' id='word_1_168' title='bbox 998 2675 1117 2760; x_wconf 90' lang='lat' dir='ltr'>reliqui</span> <span class='ocrx_word' id='word_1_169' title='bbox 1133 2675 1262 2740; x_wconf 84' lang='lat' dir='ltr'>codices</span> 
     </span>
     <span class='ocr_line' id='line_1_24' title="bbox 125 2776 1261 2866; baseline 0 -24"><span class='ocrx_word' id='word_1_170' title='bbox 125 2779 282 2863; x_wconf 83' lang='lat' dir='ltr'>originem</span> <span class='ocrx_word' id='word_1_171' title='bbox 298 2777 434 2842; x_wconf 84' lang='lat' dir='ltr'>duxere.</span> <span class='ocrx_word' id='word_1_172' title='bbox 481 2776 546 2841; x_wconf 82' lang='lat' dir='ltr'>Sed</span> <span class='ocrx_word' id='word_1_173' title='bbox 570 2777 630 2841; x_wconf 91' lang='lat' dir='ltr'>hac</span> <span class='ocrx_word' id='word_1_174' title='bbox 653 2777 694 2842; x_wconf 91' lang='lat' dir='ltr'>de</span> <span class='ocrx_word' id='word_1_175' title='bbox 717 2798 753 2841; x_wconf 91' lang='lat' dir='ltr'>re</span> <span class='ocrx_word' id='word_1_176' title='bbox 775 2779 856 2842; x_wconf 88' lang='lat' dir='ltr'>certi</span> <span class='ocrx_word' id='word_1_177' title='bbox 879 2778 958 2842; x_wconf 92' lang='lat' dir='ltr'>nihil</span> <span class='ocrx_word' id='word_1_178' title='bbox 973 2779 1126 2843; x_wconf 90' lang='lat' dir='ltr'>contendi</span> <span class='ocrx_word' id='word_1_179' title='bbox 1143 2785 1261 2866; x_wconf 88' lang='lat' dir='ltr'>potest,</span> 
     </span>
    </p>
   </div>
   <div class='ocr_carea' id='block_1_3' title="bbox 123 2881 1263 3176">
    <p class='ocr_par' dir='ltr' id='par_1_3' title="bbox 123 2881 1263 3176">
     <span class='ocr_line' id='line_1_25' title="bbox 124 2881 1263 2967; baseline -0.001 -21"><span class='ocrx_word' id='word_1_180' title='bbox 124 2883 188 2946; x_wconf 87' lang='lat' dir='ltr'>nisi</span> <span class='ocrx_word' id='word_1_181' title='bbox 215 2881 335 2967; x_wconf 91' lang='lat' dir='ltr'>optime</span> <span class='ocrx_word' id='word_1_182' title='bbox 367 2881 504 2965; x_wconf 83' lang='lat' dir='ltr'>cognitis</span> <span class='ocrx_word' id='word_1_183' title='bbox 534 2881 684 2945; x_wconf 89' lang='lat' dir='ltr'>omnibus</span> <span class='ocrx_word' id='word_1_184' title='bbox 715 2881 893 2963; x_wconf 90' lang='lat' dir='ltr'>codicibus,</span> <span class='ocrx_word' id='word_1_185' title='bbox 924 2882 957 2945; x_wconf 91' lang='lat' dir='ltr'>in</span> <span class='ocrx_word' id='word_1_186' title='bbox 986 2882 1104 2967; x_wconf 92' lang='lat' dir='ltr'>quibus</span> <span class='ocrx_word' id='word_1_187' title='bbox 1129 2904 1263 2947; x_wconf 89' lang='lat' dir='ltr'>carmen</span> 
     </span>
     <span class='ocr_line' id='line_1_26' title="bbox 123 2983 1262 3073; baseline 0 -24"><span class='ocrx_word' id='word_1_188' title='bbox 123 2985 203 3050; x_wconf 92' lang='lat' dir='ltr'>illud</span> <span class='ocrx_word' id='word_1_189' title='bbox 227 2985 374 3049; x_wconf 88' lang='lat' dir='ltr'>traditur.</span> <span class='ocrx_word' id='word_1_190' title='bbox 420 2985 536 3069; x_wconf 89' lang='lat' dir='ltr'>Itaque</span> <span class='ocrx_word' id='word_1_191' title='bbox 559 3005 645 3048; x_wconf 93' lang='lat' dir='ltr'>nune</span> <span class='ocrx_word' id='word_1_192' title='bbox 669 2983 801 3068; x_wconf 88' lang='lat' dir='ltr'>quidem</span> <span class='ocrx_word' id='word_1_193' title='bbox 825 2985 951 3050; x_wconf 86' lang='lat' dir='ltr'>cautius</span> <span class='ocrx_word' id='word_1_194' title='bbox 975 2990 1026 3049; x_wconf 87' lang='lat' dir='ltr'>est</span> <span class='ocrx_word' id='word_1_195' title='bbox 1048 2985 1081 3048; x_wconf 92' lang='lat' dir='ltr'>in</span> <span class='ocrx_word' id='word_1_196' title='bbox 1101 3007 1262 3073; x_wconf 86' lang='lat' dir='ltr'>suspenso</span> 
     </span>
     <span class='ocr_line' id='line_1_27' title="bbox 123 3090 732 3176; baseline -0.005 -20"><span class='ocrx_word' id='word_1_197' title='bbox 123 3093 310 3176; x_wconf 89' lang='lat' dir='ltr'>relinquere</span> <span class='ocrx_word' id='word_1_198' title='bbox 334 3092 418 3155; x_wconf 90' lang='lat' dir='ltr'>hanc</span> <span class='ocrx_word' id='word_1_199' title='bbox 441 3090 732 3175; x_wconf 92' lang='lat' dir='ltr'>quaestiunculam.</span> 
     </span>
    </p>
   </div>
   <div class='ocr_carea' id='block_1_4' title="bbox 0 0 1398 4724">
    <p class='ocr_par' dir='ltr' id='par_1_4' title="bbox 0 0 1398 4724">
     <span class='ocr_line' id='line_1_28' title="bbox 0 0 1398 4724; baseline 0 0"><span class='ocrx_word' id='word_1_200' title='bbox 0 0 1398 4724; x_wconf 95' lang='lat' dir='ltr'> </span> 
     </span>
    </p>
   </div>
  </div>
 </body>
</html>
