2774 4724
554 322 766 383 ..27-

92 491 285 576 praemissis
320 511 609 576 cognosceremus,
650 491 779 556 etiamsi
819 492 953 557 deesset
987 493 1229 579 superscriptio.

92 595 238 660 Putasne
270 595 356 658 enim
386 594 576 680 scriptorem
607 594 712 659 denuo
745 595 966 681 compluribus
996 597 1146 661 versibus
1170 618 1228 661 au-

92 698 223 762 dientes
246 697 409 763 salutasse
438 704 472 762 et
502 698 710 762 sanctitatem
735 699 893 763 materiae
918 719 1111 779 excusasse,
1143 699 1230 784 quod

91 821 204 865 rursus
230 822 287 865 eos
311 800 352 864 ad
376 801 598 865 recitationem
621 800 786 880 invitaret,
811 801 873 864 nisi
898 802 1041 886 spatium
1065 801 1228 886 quoddam

91 926 156 968 non
181 925 317 989 parvum
340 904 426 968 inter
449 904 509 967 hoc
534 924 664 968 carmen
682 903 981 990 antecedentesque
1005 904 1103 986 libros
1126 904 1228 968 inter-

92 1007 232 1072 fuisset?
283 1006 392 1092 Atque
429 1008 492 1071 hoc
521 1008 592 1093 ipso
622 1007 781 1092 temporis
809 1008 914 1093 spatio
942 1008 1124 1094 perfectam
1153 1029 1229 1072 esse

91 1112 195 1197 ipsius
223 1095 374 1175 ambonis
403 1111 709 1182 exaedificationem
739 1112 880 1176 fortasse
907 1112 977 1176 iure
1001 1110 1230 1176 concludemus

92 1236 134 1278 ex
147 1215 263 1279 horum
277 1214 457 1279 iamborum
469 1215 561 1278 initio
572 1216 608 1297 ¹).
645 1214 865 1278 Praefationis
882 1221 992 1280 autem
1008 1214 1041 1278 in
1057 1235 1086 1277 v.
1107 1217 1140 1276 ll
1160 1234 1229 1298 sqq.

91 1317 171 1382 dicit
195 1323 293 1404 poeta
315 1317 411 1382 haec:
927 1362 929 1367 ·

493 1419 564 1506 τρὶς
586 1417 646 1507 γὰρ
668 1414 730 1509 ἤδη
753 1420 920 1506 συγκαλῶν

248 1523 305 1590 καὶ
327 1525 391 1590 τῶν
413 1519 566 1613 συνήθων
587 1519 813 1611 ἐξαναστήσας
833 1519 945 1590 πόνων

251 1623 344 1695 eiiam
368 1624 570 1715 σκυθρωπὸν
592 1621 679 1694 εἶδον
701 1621 791 1712 ὑμῶν
814 1622 939 1694 οὐδένα.

179 1751 240 1815 Bis
269 1752 370 1835 igitur
399 1751 464 1815 iam
488 1755 724 1815 convocaverat
747 1749 869 1815 Paulus
893 1749 1115 1814 nobilissimos
1139 1749 1231 1812 audi-

90 1860 248 1920 tores-
275 1855 337 1920 hoc
368 1855 514 1939 sequitur
542 1875 584 1918 ex
610 1873 690 1916 voce
719 1849 790 1937 τρὶς
820 1888 854 1899 -
884 1857 981 1936 atque
1008 1852 1231 1916 necessarium

92 1964 143 2023 est
172 1963 292 2044 putare
320 1958 460 2044 priorem
483 1957 710 2048 recitationem
738 1956 877 2040 primum
901 1955 1061 2019 ecclesiae
1085 1954 1231 2042 descrip-

94 2062 193 2126 tionis
206 2061 334 2143 librnm,
349 2061 564 2146 posteriorem
578 2060 783 2144 complexam
795 2081 867 2124 esse
881 2058 1070 2125 secundum.
1115 2058 1232 2144 Itaque

97 2165 238 2249 spatium
254 2164 409 2248 temporis
424 2164 583 2228 intererat
599 2164 684 2227 inter
701 2162 781 2226 duos
796 2162 871 2227 illos
887 2163 1000 2243 libros,
1024 2161 1109 2248 quod
1124 2168 1233 2226 utrum

10 2334 13 2379 Ι
100 2266 214 2332 diebus
238 2289 280 2332 an
303 2268 392 2332 horis
417 2268 587 2332 dumtaxat
604 2267 756 2332 effectum
779 2268 830 2346 sit,
855 2267 939 2331 scire
962 2288 1027 2333 non
1047 2286 1233 2352 possumus,

101 2391 204 2457 neque
222 2372 398 2458 quidquam
420 2379 532 2437 nostra
547 2371 696 2450 interest,
720 2377 756 2434 ut
779 2391 1026 2454 cognoscamus.
1074 2368 1138 2435 Sed
1162 2370 1233 2455 quis

15 2462 20 2467 ¹
101 2479 162 2554 est,
191 2476 247 2561 qui
278 2476 390 2541 credat
417 2475 478 2541 hoc
508 2475 715 2540 intervallum
745 2495 765 2538 a
795 2481 894 2560 poeta
922 2495 995 2539 esse
1023 2475 1165 2560 positum
1194 2494 1232 2537 eo

97 2576 177 2662 loco,
196 2600 260 2665 quo
278 2601 320 2644 ex
337 2579 459 2643 codicis
474 2579 661 2644 testimonio
678 2578 822 2663 positum
839 2599 911 2642 esse
927 2578 1086 2659 videmus,
1109 2579 1234 2643 scilicet

10 2686 13 2701 ⁶
93 2688 171 2766 post
202 2703 333 2747 versum
360 2685 422 2746 277
446 2681 522 2746 libri
544 2683 587 2763 I.,
617 2687 790 2768 postquam
821 2680 956 2745 vixdum
984 2687 1085 2766 poeta
1114 2681 1190 2764 inde
1214 2704 1234 2745 a

89 2804 123 2847 r.
145 2787 202 2849 221
228 2787 334 2872 ipsum
357 2787 516 2872 templum
539 2786 723 2851 describere
753 2785 881 2869 coepit?
934 2785 1061 2851 Tantae
1084 2785 1233 2850 inscitiae

78 2889 236 2955 Paulum
261 2927 296 2938 —
322 2891 399 2954 licet
423 2911 497 2954 eum
521 2891 662 2954 maxime
686 2889 831 2953 alienum
852 2888 1019 2953 existimes
1043 2912 1063 2954 a
1085 2895 1232 2954 veterum

70 2999 267 3076 poetarum
289 3000 359 3058 arte
384 2993 639 3079 disponendi-
664 2990 815 3077 equidem
837 3011 902 3054 non
927 3012 1071 3075 arguam.
1117 2992 1235 3076 Itaque

66 3114 128 3158 ex
165 3097 292 3162 librarii
324 3119 435 3163 errore
459 3098 592 3161 alterius
615 3096 691 3160 libri
716 3094 1026 3180 superscriptionem
1050 3100 1083 3159 et
1104 3096 1202 3181 praei
1222 3134 1235 3143 -

62 3198 222 3266 tionem
246 3223 307 3266 sex
328 3200 511 3265 iamborum
534 3200 685 3265 hocloco
706 3199 917 3284 interpositas
942 3219 1015 3263 esse
1037 3203 1128 3284 puto,
1152 3220 1236 3284 quac

58 3309 166 3384 post
194 3305 269 3370 libri
291 3303 318 3370 I.
343 3326 474 3369 versum
503 3307 564 3367 220
594 3305 703 3367 locum
731 3303 897 3367 tenebant.
948 3303 1033 3368 Nam
1061 3324 1165 3388 usque
1195 3301 1236 3366 ad

55 3402 184 3471 huno
211 3430 343 3474 versum
373 3414 422 3485 et,
452 3429 535 3492 quae
563 3428 615 3471 res
649 3411 724 3471 ante
756 3405 900 3470 secunda
932 3407 1091 3471 encaenia
1121 3411 1235 3490 gestae

55 3511 181 3591 sunt,
201 3516 235 3577 et
251 3532 291 3576 ea
306 3510 378 3595 ipsa
393 3515 580 3585 narrantum
597 3509 714 3574 deinde
731 3531 751 3572 a
767 3529 865 3573 versu
878 3512 937 3571 221
958 3509 1049 3573 aedis
1061 3509 1237 3594 descriptio

54 3607 261 3696 incipitur,
278 3614 508 3700 cumprimum
523 3620 621 3698 poeta
637 3613 828 3676 orientalem
845 3613 915 3678 eius
932 3618 1056 3698 partem
1070 3612 1236 3698 depingat.

56 3703 127 3770 Sic
155 3713 312 3782 Paulum
336 3717 508 3781 materiam
524 3716 723 3803 disposuisse
743 3736 849 3801 neque
867 3717 1027 3780 ecclesiae
1043 3715 1237 3801 descriptio-

57 3827 160 3877 nem
190 3821 325 3904 uixdum
340 3820 528 3887 incohatam
545 3821 653 3885 statim
667 3819 761 3884 novis
778 3820 906 3900 iambis,
924 3820 1041 3905 quibus
1057 3820 1140 3884 alter
1154 3819 1238 3885 liber

58 3927 306 3954 N—

185 4009 214 4077 ¹)
232 4010 270 4066 cf.
288 4028 314 4066 v.
328 4012 343 4064 1
356 4024 429 4079 sqq:
442 4006 531 4078 Ἔχεις
549 4007 667 4074 ἅπασαν,
685 3995 708 4060 oi
726 4008 845 4076 βασιλεῦ,
863 4005 913 4075 τήν
932 4006 1029 4059 ἐλπίδα

376 4093 506 4170 προσθεὶς
523 4093 560 4149 τό
579 4095 692 4148 λεῖπον
710 4097 749 4168 τῷ
767 4095 821 4166 νεῷ
838 4095 877 4166 τῷ
895 4093 1036 4165 παγκάλῳ.

379 4178 489 4248 Οὐκοῦν,
509 4177 622 4253 ἄριστοι,
640 4181 805 4255 προσφόρως
822 4178 868 4234 καὶ
887 4181 937 4233 νῦν
955 4179 1012 4249 ἐγώ

377 4267 434 4338 ἥκω
452 4268 484 4323 τό
501 4268 595 4323 λεῖπον
612 4267 769 4338 προστιθεὶς
786 4270 825 4340 τῷ
845 4267 951 4339 βιβλίῳ·

378 4353 462 4408 καλόν
477 4353 533 4428 γὰρ
553 4352 587 4408 cir
606 4356 650 4424 εἴη
668 4354 733 4416 τούς
752 4354 853 4426 λόγους
870 4356 911 4426 τῷ
932 4352 1063 4419 decubrq

375 4442 614 4522 συαδημιουργεῖν
633 4443 685 4500 τόν
706 4443 781 4501 νεῶν
802 4443 853 4502 cdv
874 4442 926 4496 rob
947 4438 1052 4510 'adpone
