2774 4724
594 294 783 353 ..9-

117 456 266 549 arincam)
290 458 327 527 cd
348 457 481 547 χρύσεον
503 458 550 540 εἰς
572 459 630 544 ἐμὲ
644 459 763 548 τέγγει)
780 463 938 549 scriptum
959 484 1031 527 esse
1055 462 1115 525 hoc
1131 462 1252 525 lemma
1308 528 1311 533 ,

114 570 265 628 testatur:
289 561 337 643 εἰς
365 559 524 652 ποτήριον
552 560 687 649 οἰκείας,
704 560 869 651 θυγατρός
891 562 1072 650 παρθένου.
1118 565 1184 630 Sed
1205 566 1251 629 nil

115 668 180 731 nisi
196 668 328 731 nomina
350 668 543 731 hauriuntur
570 668 620 731 his
652 689 694 732 ex
718 668 978 754 epigrammatis;
1007 689 1067 732 neo
1094 669 1186 754 plura
1209 668 1250 732 de

116 772 185 835 vita
208 779 326 857 poetae
343 771 562 857 Anthologiae
592 773 735 835 carmina
757 772 896 836 Paulina
919 771 1089 856 praebent,
1113 793 1250 856 quorum

119 881 326 959 argumenta,
357 895 439 958 quac
479 881 547 938 tota
578 874 688 939 efficta
716 875 780 938 sint
804 875 871 954 vel,
902 874 934 938 id
957 875 1042 960 quod
1070 876 1250 960 praevalet,

117 983 263 1041 'veterum
287 984 454 1064 poctarum
479 976 678 1042 Graecorum
703 978 841 1063 ingeniis
864 978 1063 1057 debeantur,
1093 999 1134 1041 an
1167 999 1249 1062 quae

119 1104 161 1146 ex
177 1102 235 1144 sua
251 1082 353 1166 ipsius
371 1082 437 1145 vita
449 1082 645 1168 prompserit
660 1088 768 1167 poeta,
781 1081 966 1147 discernere
982 1103 1046 1145 non
1066 1102 1250 1168 possumne.

201 1183 295 1247 Haec
319 1185 359 1249 de
383 1185 451 1248 vita
472 1185 568 1249 Pauli
592 1184 781 1251 Silentiarii.

580 1446 784 1454 ..ψ-ἡ*

590 1742 700 1816 Pars
726 1743 770 1815 ll.

306 1960 367 2041 Dc
395 1958 525 2041 Pauli
554 1957 799 2041 silentiarii
826 1957 1056 2058 poematis.

671 2166 697 2230 1.

205 2307 254 2369 Ac
278 2307 416 2391 primum
440 2305 570 2390 quidem
594 2304 673 2368 mihi
696 2325 747 2368 res
772 2305 835 2369 crit
858 2326 931 2369 cum
954 2305 1048 2369 Pauli
1073 2306 1251 2370 Silentiarii

119 2410 436 2494 epigrammatis,
464 2430 546 2493 quae
572 2415 704 2473 exstant
728 2410 760 2471 in
784 2408 987 2494 Antbologia
1008 2409 1175 2484 Palatinc;
1199 2410 1252 2472 vel

117 2515 201 2595 ides,
219 2515 304 2599 quod
323 2516 423 2578 multo
439 2515 567 2578 notiora
583 2518 657 2577 sunt
670 2534 766 2598 quam
780 2513 926 2577 eiusdem
943 2519 1060 2598 poetae
1078 2514 1252 2599 descriptio

115 2639 253 2702 magnae
284 2619 452 2682 ecelesiae.
505 2618 619 2701 Longe
648 2617 788 2701 plurima
824 2615 921 2679 Pauli
951 2617 1187 2702 epigrammata
1218 2618 1250 2681 in

116 2724 251 2807 quinto
268 2721 488 2807 Anthologiae
505 2721 588 2784 libro
604 2721 798 2799 invenimur,
816 2727 890 2783 sunt
902 2721 1000 2805 igitur
1017 2721 1099 2787 baec
1120 2721 1250 2807 quidem

120 2827 233 2890 erotioi
263 2826 456 2910 argumenti.
514 2824 583 2888 Neo
609 2823 731 2888 veritus
763 2830 814 2887 est
842 2830 938 2908 poeta
969 2826 1133 2888 nonnullis
1156 2826 1251 2890 huius

117 2928 193 2991 libri
218 2927 413 2991 carminibus
436 2948 488 2991 res
517 2947 595 2990 sane
621 2925 764 2990 lubricas
787 2926 870 2989 vivis
894 2925 1056 2990 coloribus
1080 2927 1251 3009 illustrare,

121 3053 255 3115 quorum
278 3031 361 3095 haec
375 3031 527 3117 exempla
541 3030 669 3094 adferre
683 3030 761 3093 satis
787 3030 847 3093 sit:
870 3028 901 3091 V
919 3033 990 3093 252.
1007 3033 1079 3096 255.
1094 3034 1166 3096 275.
1179 3035 1251 3097 286.

116 3135 240 3217 Itaque·
259 3133 349 3209 inde,
381 3134 466 3218 quod
493 3134 555 3198 hae
584 3154 637 3197 res
667 3132 748 3197 adeo
773 3134 967 3219 placuerunt
989 3139 1105 3219 poetae
1129 3141 1251 3215 nostro,

118 3240 211 3302 illum
235 3239 350 3302 ardore
374 3239 513 3324 quodam
537 3238 635 3303 animi
659 3237 842 3323 praeditum
865 3237 968 3301 fuisse
991 3244 1096 3323 patet,
1122 3239 1250 3303 etiamsi

118 3364 232 3405 omnes
263 3349 351 3406 certe
383 3344 469 3407 inter
495 3363 555 3405 nos
586 3343 806 3405 consentimus
837 3343 1063 3427 permultact
1093 3343 1187 3407 Pauli
1218 3349 1251 3408 et

118 3446 262 3509 omnium
286 3447 476 3510 recentioris
507 3446 580 3510 aevi
615 3451 785 3530 poetarum
822 3446 1059 3531 epigrammata
1095 3448 1252 3511 amatoria

117 3549 221 3632 magis
240 3550 407 3614 lucernam
430 3548 578 3613 redolere
602 3570 698 3633 quam
723 3570 764 3613 ex
787 3570 865 3613 vero
882 3555 998 3633 poetae
1021 3551 1140 3614 affectu
1163 3573 1251 3615 ema-

116 3673 225 3715 nasse.
277 3652 351 3716 Hoc
386 3654 438 3716 vel
472 3675 515 3717 ex
547 3675 584 3717 eo
618 3652 833 3738 intellegitur,
874 3655 960 3738 quod
989 3655 1149 3740 plurimae
1181 3655 1250 3719 fere

115 3877 246 3928 vocatam
265 3873 350 3927 fuisse
368 3873 547 3927 verisimilius
567 3876 616 3928 est.
653 3876 801 3929 Praeterea
819 3874 871 3928 hoc
885 3891 1004 3938 carmen,
1023 3875 1097 3943 quod
1110 3877 1252 3944 ceteroqui

115 3979 173 4014 non
191 3960 369 4014 invenustum
390 3961 439 4023 est,
458 3960 530 4014 nibil
543 3960 629 4015 habet
640 3961 751 4030 paterni
769 3961 911 4016 affectus“.
948 3961 999 4015 Cui
1017 3961 1121 4017 iudicio
1141 3962 1252 4017 etiamsi

115 4049 233 4102 fortasse
253 4049 326 4111 suut,
345 4046 394 4114 qui
412 4047 616 4115 adsentiantur,
636 4051 710 4103 certe
728 4065 819 4113 nemo,
838 4048 887 4117 qui
907 4047 1124 4115 Byzantinorum
1143 4048 1254 4103 noverit

115 4134 241 4199 allectus,
260 4132 379 4186 Paulum
397 4136 507 4203 patrem
526 4150 584 4188 esse
602 4133 667 4189 inde
685 4135 810 4204 negabit.

207 4241 226 4307 ¹)
246 4239 404 4293 Huschkius
433 4239 463 4292 in
490 4238 608 4294 analect.
629 4239 690 4295 crit.
709 4258 736 4310 p.
749 4240 801 4293 272
825 4256 908 4294 causa
935 4257 991 4294 non
1015 4239 1113 4294 addita
1140 4241 1253 4295 dubitat

116 4325 151 4378 de
165 4325 277 4379 nomine
289 4322 445 4394 Ἆνικήτεια,
458 4325 575 4380 fortasse
588 4325 655 4394 quia
668 4325 759 4395 priore
772 4326 802 4379 in
815 4325 936 4381 carmine
946 4327 1049 4380 Paulus
1058 4327 1252 4382 Macedoniam

116 4412 203 4465 filiam
229 4412 367 4481 appellat;
394 4427 487 4466 nonne
510 4411 639 4482 permisit
660 4412 704 4466 vir
725 4413 824 4467 doctus
843 4413 930 4468 Paulo
955 4413 1159 4466 duasbabere
1172 4410 1272 4458 ‘amesa
