2774 4724
518 289 738 380 -rs-‘

55 486 159 571 ipsum
190 486 289 552 etiam
319 486 445 552 cautius
473 486 573 552 fuisse
602 488 846 572 intellegemus,
871 489 898 552 si
921 490 1026 552 solum
1049 491 1190 574 primum

55 589 328 676 Dionysiacorum
347 591 465 655 librum
481 592 732 677 inspexerimus.
780 591 879 656 Cuius
902 593 935 656 in
958 596 1019 660 534
1037 615 1189 658 versuum

54 694 172 758 finibus
189 697 313 759 nullum
331 696 452 780 legitur
469 695 663 780 disyllabum
679 695 892 761 trochaicum.
928 695 1053 760 Eadem
1070 704 1190 778 autem,

54 819 138 884 quae
159 799 201 863 de
224 799 328 864 Paulo
352 799 579 884 comperimus,
604 798 644 863 de
663 798 872 863 Christodoro
897 819 1026 885 quoque
1050 798 1191 864 dicenda

54 923 129 966 esse
152 901 416 989 Baumgartenus
441 902 677 967 demonstravit
700 901 745 988 (p.
763 905 803 966 48
828 902 901 987 sq).

139 1024 212 1089 Non
227 1025 335 1089 minus
352 1047 467 1090 severe
483 1024 606 1087 Paulus
623 1045 680 1088 eas
696 1024 826 1108 regulas
842 1023 873 1086 N
876 1024 952 1087 onni
969 1024 1190 1089 observandas

54 1127 115 1192 sibi
138 1131 321 1213 proposuit,
346 1150 429 1214 quae
455 1136 530 1192 sunt
554 1127 593 1191 de
617 1127 907 1212 monosyllabis
931 1129 963 1191 iu
987 1130 1051 1193 fine
1075 1151 1190 1194 versus

54 1230 259 1298 adhibendis.
323 1233 394 1296 Has
434 1233 523 1317 ipsas
567 1231 887 1314 diligentissimorum
926 1232 1190 1295 observationum

53 1334 174 1399 auxilio
213 1335 356 1399 Plewius
397 1333 450 1419 (cf.
481 1334 589 1397 annal.
622 1333 701 1419 phil.
734 1339 811 1396 tom.
840 1333 948 1413 XCV,
971 1323 1004 1419 p.
1024 1338 1085 1398 847
1106 1335 1190 1420 sqq.)

54 1437 198 1501 condidit
209 1438 245 1525 ¹).
291 1438 375 1502 Nam
399 1438 553 1518 Paulum,
583 1444 620 1500 ut
648 1437 698 1500 bis
731 1437 772 1500 ab
801 1438 906 1500 altera
929 1440 1002 1523 lege
1026 1439 1191 1521 abhorret,

52 1540 99 1604 ita
129 1543 263 1606 alteram
295 1543 398 1606 multo
428 1542 636 1625 angustiores
666 1541 699 1602 in
728 1541 808 1603 fines
841 1543 1027 1606 coercuisse
1052 1549 1190 1606 constat.

52 1641 169 1728 Neque
194 1647 282 1710 enim
306 1652 381 1708 ante
405 1643 668 1729 monosyllabum
691 1642 787 1706 finale
812 1643 902 1706 aliud
925 1645 1060 1708 verbum
1083 1646 1191 1730 posuit
1252 1706 1253 1710 ,

53 1747 117 1809 nisi
140 1747 408 1822 choriambicum3
432 1745 595 1810 interdurn
619 1766 691 1808 curn
712 1745 902 1810 discessisse
927 1748 968 1811 ab
992 1748 1053 1811 hac
1076 1751 1192 1833 regula

53 1850 86 1913 in
110 1852 355 1935 epigrammatis
378 1872 442 1914 non
465 1851 620 1913 miramur
642 1848 697 1933 (cf.
721 1849 752 1913 V
769 1853 841 1930 226,
861 1854 889 1917 7.
913 1853 986 1932 274,
1002 1855 1031 1915 3.
1057 1854 1129 1931 288,
1147 1855 1190 1933 3).

56 1954 165 2040 Atque
199 1962 276 2021 ante
304 1957 481 2042 particulas
496 1953 641 2039 quidem
663 1949 715 2031 dc',
740 1947 811 2037 γάρ,
834 1951 893 2035 μέν
917 1956 1108 2039 saepissime
1132 1956 1190 2019 ad-

56 2060 183 2124 iectivis
207 2066 264 2124 aut
277 2061 456 2146 participiis
474 2066 531 2123 aut
548 2056 771 2135 substantivis,
794 2062 870 2120 ante
888 2059 1092 2122 substantiva
1114 2081 1191 2123 vero

54 2163 140 2250 (φῶς
162 2164 240 2249 etc.)
264 2165 344 2228 solis
368 2163 537 2227 adiectivis
560 2160 677 2223 Nonno
700 2166 833 2223 auctore
857 2183 935 2225 usus
960 2169 1020 2242 est,
1044 2184 1108 2226 uno
1132 2184 1190 2226 ex-

55 2275 147 2354 cepto
183 2270 355 2355 participio
388 2269 418 2351 (I
442 2272 480 2331 74
513 2262 666 2351 ἐκχυμένη
698 2259 807 2350 φλόξ).
867 2265 960 2331 Haec
989 2269 1192 2332 substantiva

57 2380 145 2436 sunt:
171 2368 265 2459 φλόξ,
288 2369 357 2458 χείρ
375 2373 472 2455 (haec
497 2371 596 2434 etiam
612 2367 698 2453 apud
714 2368 865 2432 Nonnum
882 2371 1080 2456 occurrunt),
1102 2367 1193 2450 πλάξ

58 2475 101 2561 (a.
118 2476 183 2562 37),
205 2478 278 2563 φῶς
301 2474 437 2560 (1190),
461 2472 552 2562 φλέψ
575 2472 618 2558 (a.
635 2470 720 2554 124).

144 2596 287 2662 Obstant
319 2603 427 2662 autem
450 2595 560 2659 Nonni
584 2594 704 2678 regulis
730 2589 942 2658 encliticae
970 2596 1020 2658 bis
1047 2617 1066 2658 a
1089 2596 1193 2660 Paulo

58 2699 239 2782 adhibitae,
266 2701 380 2764 11525
405 2695 460 2764 σοί
484 2705 517 2762 et
540 2721 569 2762 a.
597 2702 655 2760 156
679 2691 760 2772 norb
790 2699 867 2782 quin
896 2698 996 2762 etiam
1023 2700 1056 2762 in
1086 2701 1192 2785 priore

59 2825 154 2868 versu
178 2804 242 2868 duo
267 2803 489 2889 monosyllaba
518 2795 593 2885 (γάρ
617 2802 700 2880 σοι),
730 2801 762 2863 in
787 2802 969 2885 posteriore
992 2823 1071 2866 voro
1096 2804 1192 2866 etiam

58 2908 120 2971 tria
148 2900 248 2991 (ἀλλά
271 2903 309 2972 τὸ
334 2904 393 2989 μέν
416 2906 500 2983 που)
526 2909 741 2988 usurpantur3
772 2924 869 2987 quam
897 2904 1077 2968 clausulam
1106 2927 1192 2969 com-

58 3010 204 3096 pluribus
231 3009 466 3095 monosyllabis
498 3008 618 3071 factam
648 3028 782 3091 prorsus
806 3008 920 3071 vitavit
942 3008 1128 3092 Nonnus2).
1152 3045 1193 3056 -

58 3113 199 3178 Easdem
222 3115 373 3177 licentias
397 3113 495 3175 otiam
518 3112 551 3174 in
576 3111 818 3196 epigrammatis
836 3112 1136 3186 animadvertimus;
1160 3115 1192 3176 in

60 3238 108 3302 ep.
132 3218 163 3282 V
180 3221 289 3294 241,5
312 3222 412 3302 poeta
436 3214 575 3278 eandem
599 3215 780 3277 clausulam
804 3206 887 3278 ἀλλὰ
909 3217 947 3279 τὸ
970 3213 1029 3298 μέν
1045 3239 1111 3280 που
1135 3217 1192 3280 cd-

59 3320 153 3401 misit‚
169 3320 219 3383 bis
236 3320 282 3404 (V
299 3321 372 3397 264,
390 3323 419 3383 9.
445 3320 516 3397 268,
535 3319 566 3401 3)
584 3318 811 3401 monosyllaba
827 3312 887 3402 γάρ
902 3342 971 3402 μοι.
1016 3319 1193 3383 Eucliticas

60 3430 167 3488 autem
183 3425 283 3489 hasce
299 3425 425 3487 inveni:
448 3418 503 3487 τοί
519 3422 650 3506 (11274,
664 3423 707 3503 3),
730 3417 764 3486 τί
781 3423 867 3505 (288,
885 3425 930 3506 3),
952 3420 1065 3502 servi
1081 3425 1132 3502 81,
1153 3425 1192 3509 1).

144 3544 228 3610 Oum
251 3544 389 3608 Nonnus
413 3565 506 3606 usum
525 3543 700 3606 verborum
723 3544 755 3605 in
779 3545 869 3606 exitu
894 3543 1077 3608 hexametri
1105 3545 1192 3630 posi-

59 3653 162 3711 torum
205 3648 328 3731 regulis
364 3645 537 3708 admodum
567 3645 690 3708 severis
714 3645 999 3726 circumcluderet,
1033 3648 1131 3710 etiam
1161 3649 1194 3710 in

59 3753 245 3817 adhibendo
275 3751 506 3814 vocabulorum
536 3755 707 3812 accentu
741 3756 846 3812 certas
874 3750 966 3834 leges
991 3751 1032 3814 ab
1056 3751 1112 3814 illo
1136 3752 1192 3814 ob-

59 3863 205 3920 servatas
236 3876 311 3918 esse
339 3854 462 3939 primus
493 3853 655 3916 intellexit
677 3853 745 3937 ipsc
769 3851 979 3915 Ludwichius
1005 3854 1091 3937 (aun.
1116 3855 1192 3940 phil.

145 4064 165 4128 ¹)
185 4059 226 4114 of.
246 4057 331 4112 ctiam
350 4055 519 4110 Volkmann.
539 4054 556 4107 1.
576 4055 593 4108 1.
613 4073 640 4123 p.
661 4055 694 4107 12
713 4055 741 4107 ot
759 4053 901 4107 Ludwich.
920 4054 1060 4108 Mus'lth.
1081 4055 1193 4121 XXXV,

56 4164 82 4216 o·
100 4147 153 4201 500
165 4163 227 4215 sss·

143 4251 167 4319 ²)
186 4249 228 4303 of.
247 4247 390 4301 Ludwieh.
409 4246 427 4298 1.
447 4246 464 4297 l.
484 4262 511 4313 p.
530 4245 581 4298 505
601 4247 629 4297 et
647 4244 730 4297 Plew.
749 4243 766 4296 1.
785 4244 803 4296 1.
822 4261 850 4311 p.
860 4243 920 4296 851.
941 4273 972 4281 -
992 4243 1111 4298 Plewius
1130 4264 1192 4300 cum

55 4339 136 4393 Pauli
160 4336 231 4391 locis
258 4336 402 4403 comparat
430 4332 521 4401 Apoll.
544 4331 633 4385 Rhod.
653 4332 740 4384 1288:
765 4329 848 4398 ἔξοχα
866 4328 920 4403 γάρ
944 4349 993 4401 μοι
1012 4332 1040 4383 ct
1059 4333 1195 4398 Quintum

54 4425 164 4494 Smyrn.
185 4421 297 4476 111624.
315 4420 352 4472 lV
366 4421 411 4472 11:
432 4415 500 4470 ἀλλά
518 4417 552 4469 u?
568 4418 623 4488 μέν
640 4436 702 4471 noo.
