2774 4724
521 347 563 357 ..
608 313 736 375 67,-

151 481 190 545 In
216 483 293 547 arsi
316 505 359 548 ex
383 482 434 546 his
457 483 636 562 vocabulis,
657 503 740 566 quae
764 482 857 546 brevi
875 483 980 547 vocali
996 484 1200 568 clauduntur,

71 587 291 672 monosyllaba
323 593 448 652 tantum
481 593 513 652 et
543 588 702 652 vocabula
729 588 916 675 pyrrhichia
939 589 1079 674 in‘pede
1102 588 1145 653 II.
1169 595 1202 653 et

71 689 136 771 lv,
159 712 335 775 numquam
359 692 391 754 in
422 690 485 755 ΙΙΙ.
510 692 732 777 producuntur
762 691 877 775 (semel
905 693 971 756 tale
1004 694 1201 778 monosylla-

72 793 144 857 bum
167 793 200 856 in
224 794 288 857 arsi
311 794 351 860 V.
376 795 470 879 stat);

155 919 237 982 quae
273 904 396 962 exeunt
427 898 460 960 in
488 921 523 962 αι
548 904 580 961 et
603 921 647 978 or,
671 905 705 962 et
727 919 811 983 quae
834 919 900 962 una
923 899 1113 963 consonanti
1135 903 1201 960 ter-

72 1001 245 1082 minantur,
276 1002 425 1065 ultimam
454 1002 638 1087 producunt
666 1001 931 1086 frequentissime
956 1002 989 1064 in
1013 1002 1077 1065 arsi
1100 999 1144 1066 11.
1170 1007 1203 1064 et

72 1102 127 1168 IV.
150 1101 244 1188 (raro
261 1105 294 1168 in
317 1103 380 1170 ΙΙΙ.
404 1111 437 1168 ct
459 1103 532 1188 V.),
555 1104 781 1189 monosyllaba
809 1104 843 1167 in
874 1104 1023 1168 omnibus
1053 1105 1202 1190 pedibus.

74 1206 136 1270 Sed
159 1209 260 1270 multo
285 1208 417 1292 saepius
439 1208 600 1271 vocabula
623 1193 810 1293 pyrrhichia
839 1228 935 1292 quam
958 1209 1126 1272 trochaica
1149 1214 1205 1271 aut

76 1310 241 1396 trisyllaba
264 1311 486 1396 producuntur
507 1319 643 1396 propter
666 1333 796 1376 severas
819 1314 911 1396 leges
935 1311 1138 1395 spondaicas.

157 1414 195 1476 In
231 1414 339 1478 thesi
374 1421 483 1479 autem
506 1416 732 1500 monosyllaba
763 1416 795 1478 in
819 1415 903 1500 pede
934 1416 961 1478 Ι.
985 1421 1018 1479 et
1039 1415 1099 1495 IL,
1128 1416 1203 1501 quin

75 1516 169 1580 etiam
193 1518 224 1581 in
248 1517 333 1603 pede
357 1517 416 1582 IV.
439 1518 675 1603 producuntur;
707 1519 868 1582 vocabula
890 1518 1055 1583 trochaica
1077 1521 1111 1582 in
1135 1521 1204 1582 solo

73 1619 154 1704 pede
175 1621 222 1699 1.,
247 1620 305 1684 sed
327 1622 396 1685 fere
419 1643 611 1707 numquam,
635 1623 661 1684 si
686 1628 808 1686 exeunt
830 1624 863 1684 in
887 1622 1022 1686 brevem
1045 1623 1205 1689 vocalem.

156 1727 185 1789 6.
218 1724 290 1787 Iam
318 1726 359 1789 de
389 1725 602 1810 productione
634 1727 707 1805 illa,
740 1747 823 1810 quae
855 1731 962 1789 muta
992 1732 1029 1790 ct
1052 1726 1206 1811 liquida

74 1827 220 1909 afficitur,
237 1828 409 1893 dicendum
435 1835 494 1893 est.
540 1829 666 1892 Horum
685 1831 767 1893 enim
785 1830 1034 1894 consonantium
1052 1831 1205 1892 coniunc-

73 1931 195 1994 tionem
218 1932 301 1996 alius
326 1933 493 1996 cuiusdam
516 1933 669 2019 ponderis
699 1955 771 1997 esse
803 1953 898 2017 quam
922 1938 1105 1997 ceterorum
1129 1955 1206 1997 con-

74 2035 284 2098 sociationem
314 2057 419 2121 eaque
451 2037 527 2100 oriri
558 2036 713 2115 debilem,
737 2056 820 2120 quae
851 2037 984 2113 dicitur,
1014 2037 1207 2120 positionem

75 2138 221 2202 omnibus
237 2139 444 2204 notissimum
462 2146 523 2206 est.
568 2140 663 2203 Nunc
681 2145 791 2203 autem
808 2139 847 2203 de
865 2140 998 2225 syllabis
1015 2162 1079 2203 non
1104 2142 1208 2204 solum

74 2240 106 2302 in
126 2242 272 2306 confiniis
289 2244 473 2324 verborum,
498 2243 554 2307 aed
578 2243 678 2306 etiarn
701 2243 734 2305 in
757 2243 835 2328 ipsis
851 2241 958 2306 verbis
980 2243 1026 2306 ita
1041 2242 1207 2327 productis

76 2344 167 2407 nobis
191 2344 416 2411 disserendum
442 2348 514 2412 crit.

157 2447 210 2511 Ad
239 2449 325 2514 huno
356 2450 601 2514 Nonnianorum
623 2470 719 2513 nsum
742 2449 948 2513 tractandum
974 2449 1028 2534 qui
1053 2448 1204 2534 adgredi·

74 2555 141 2633 tur,
165 2573 239 2617 eum
262 2554 425 2638 proficisci
449 2559 578 2640 oportet
606 2555 722 2638 alege
746 2573 845 2638 saepe
869 2552 1002 2616 laudata
1024 2553 1208 2617 arthur-ii

75 2653 277 2739 Ludwieh,
305 2679 401 2743 quem
431 2680 495 2722 non
528 2659 631 2722 semel
655 2657 776 2743 optimc
799 2657 839 2721 de
855 2655 963 2720 Nonni
987 2662 1058 2720 arte
1075 2658 1209 2720 metrica

76 2759 225 2822 meritum
248 2781 322 2824 asse
345 2767 482 2826 constat.
528 2763 568 2824 In
583 2760 752 2846 symbolae
769 2760 901 2824 criticae
924 2780 956 2843 p.
976 2761 1013 2821 13
1038 2760 1119 2823 haec
1138 2760 1208 2824 fere

79 2860 158 2926 dixit
178 2864 228 2926 vir
250 2864 382 2928 doctus:
406 2865 533 2950 syllaba
555 2887 597 2930 m.
615 2869 648 2928 ct
663 2865 684 2926 l.
708 2863 868 2949 producta
890 2884 956 2926 non
973 2868 1037 2926 stat
1060 2863 1092 2925 in
1113 2864 1208 2940 thesi,

71 2964 135 3035 ,sed
156 2966 257 3030 ictum
285 2989 400 3032 versus
433 2991 505 3032 eam
530 2968 677 3054 accipere
701 2989 839 3032 necesse
869 2973 919 3031 est
942 2972 975 3030 ct
999 2973 1074 3030 ante
1097 2988 1209 3030 mono-

82 3067 202 3152 syllaba
225 3076 282 3134 aut
304 3071 466 3157 disyllaba
491 3072 579 3135 etin
603 3070 682 3156 ipsis
706 3069 939 3154 monosyllabis
962 3069 1210 3154 disyllabisqne.

81 3168 166 3242 Quae
198 3173 254 3237 lex
289 3196 307 3238 a
340 3173 603 3238 Schcindlero
634 3175 665 3236 in
700 3178 826 3258 quaest.
855 3172 962 3235 Nonn.
989 3171 1006 3234 I
1029 3194 1059 3257 p.
1082 3177 1117 3235 15
1142 3195 1209 3258 sqq.

83 3269 197 3359 (progr.
214 3275 333 3360 Gymn.
348 3277 531 3342 Brunnens.
548 3279 643 3358 1878)
667 3276 776 3341 multis
799 3275 959 3360 exemplis
976 3275 1211 3353 corroboratur,

83 3377 153 3458 quin
188 3380 305 3460 ctiam,
335 3380 442 3465 quoad
475 3386 602 3466 spectat
632 3380 671 3443 ad
702 3379 845 3464 syllabas
877 3378 1004 3458 finales,
1028 3364 1213 3442 accuratius

86 3485 287 3548 constituitur
309 3485 400 3549 hisce
424 3485 532 3550 verbis
557 3485 600 3570 (p.
621 3486 692 3567 2t):
721 3488 833 3564 „muta
863 3487 896 3546 et
917 3481 1039 3566 liquida
1065 3483 1097 3546 in
1120 3483 1211 3545 initio

84 3587 167 3650 verbi
199 3589 327 3673 positae
351 3590 484 3653 brevem
511 3588 670 3674 syllabam
694 3607 759 3651 non
781 3585 977 3673 producunt,
1008 3587 1069 3650 nisi
1091 3587 1123 3649 in
1147 3585 1212 3649 arsi

86 3690 173 3772 pedis
198 3689 224 3755 I.
251 3692 305 3755 vel
326 3691 371 3759 ΙΙ.
395 3694 448 3756 vel
470 3692 552 3757 IV“.
601 3691 663 3754 His
687 3696 795 3754 autem
820 3690 853 3751 in
876 3688 1014 3774 pedibus
1037 3689 1120 3753 haec
1143 3690 1213 3752 sola

85 3793 179 3858 verba
207 3794 343 3880 produci
367 3795 445 3858 dicit
469 3794 699 3859 Scheindlerus
723 3791 771 3878 (p.
789 3791 855 3876 21),
879 3811 961 3876 quae
985 3812 1057 3854 cum
1073 3812 1212 3875 sequen-

84 3893 164 3961 tibus
196 3899 358 3962 artissime
391 3899 599 3963 cohaereant.
646 3896 736 3978 „Nec
760 3917 860 3960 causa
885 3896 1017 3958 incerta
1044 3900 1108 3968 est;
1138 3916 1214 3958 narn

84 4000 250 4082 productio
279 4000 331 4065 his
360 4001 441 4065 locis
464 4001 652 4066 sublevatur
675 3999 818 4066 caesuris
844 3998 945 4083 (caes.
969 3998 1073 4064 troeh,
1094 3998 1157 4063 III.
1182 4005 1216 4063 et

83 4099 215 4190 bucol.);
248 4105 365 4189 quibus
389 4127 462 4169 cum
486 4107 742 4191 interrumpatur
764 4124 879 4169 versus
903 4104 1041 4182 flumen,
1065 4102 1215 4182 efficitur,

81 4212 116 4270 ut
137 4214 171 4272 et
186 4228 277 4291 quae
304 4230 462 4274 caesurae
486 4213 748 4285 antecesserunt,
783 4214 817 4271 et
843 4227 927 4291 qnae
952 4214 1126 4284 secuntur,
1149 4229 1215 4272 uno

85 4311 175 4394 quasi
199 4312 315 4398 spiritu
333 4313 561 4378 contineantur
584 4333 688 4397 caque
711 4333 747 4375 re
771 4311 883 4392 verba,
906 4331 990 4395 quae
1013 4311 1083 4374 iarn
1101 4317 1229 4371 natura

83 4415 168 4479 inter
191 4437 226 4478 so
251 4435 376 4479 conexa
400 4423 434 4480 et
452 4417 606 4504 copulata
630 4422 729 4498 sunt,
752 4415 805 4479 ita
827 4413 932 4499 quasin
957 4410 1267 4553 coagnqe'mensnrs
