2774 4724
652 344 863 403 ,44-

192 512 295 595 partis
313 533 459 577 caesura.
497 513 580 576 Nam
597 535 639 577 ne
657 513 882 578 somiternaria
899 512 1181 598 (trithemimcres)
1200 513 1331 598 quidcm

194 616 264 679 sola
288 616 409 680 sufficit
432 616 472 679 ad
496 616 713 680 adiuuandam
737 618 866 680 tertiam
891 637 1061 680 caesuram
1083 617 1284 682 femininam.

279 736 407 801 Oeteris
432 745 542 802 autem
566 739 722 817 caesuris,
746 759 829 822 quae
847 743 981 823 propter
997 737 1219 801 necessariam
1242 738 1330 802 tertii

191 840 285 924 pedis
310 841 499 905 incisionem
522 863 652 906 versum
675 842 830 922 dividunt,
854 843 952 925 longe
969 846 1116 927 praestat
1139 841 1332 905 bucolica

192 944 282 1026 (647)
295 943 341 1028 ¹),
371 965 471 1028 quac,
507 947 533 1008 si
569 947 752 1010 accuratius
789 945 1020 1025 discernimus,
1061 945 1093 1008 in
1131 943 1331 1008 diaeresium

190 1070 325 1113 numero
342 1049 493 1113 habenda
516 1055 583 1122 est3
607 1050 801 1134 quinetiam
818 1051 961 1114 maxime
985 1070 1024 1113 ca
1048 1049 1117 1113 sola
1140 1048 1182 1112 ad
1199 1051 1331 1113 tertiam

191 1173 359 1216 caesuram
384 1154 511 1216 accedit
534 1159 590 1216 aut
607 1155 778 1217 coniuncta
802 1175 873 1217 cum
891 1153 1125 1217 semiteruaria.
1172 1151 1330 1216 Usitatis-

191 1256 274 1318 sima
297 1261 408 1319 autem
431 1256 512 1320 haec
537 1261 587 1320 est
608 1277 815 1319 caesurarum
834 1257 1038 1320 coniunctio:
1062 1255 1331 1336 trithemimeres,

192 1379 330 1422 caesura
342 1357 403 1423 HI.
416 1358 589 1437 trochaica,
605 1359 765 1425 bucolica.
780 1397 820 1405 -
836 1360 990 1443 Sequitur
1012 1358 1257 1423 trithemime
1267 1381 1330 1423 res

191 1462 292 1543 (589),
317 1483 400 1546 quae
424 1463 492 1526 sola
509 1484 582 1539 cum
598 1484 732 1527 caesura
747 1464 808 1530 HI.
826 1463 983 1527 feminina
1002 1463 1175 1526 coniuncta
1191 1470 1331 1548 apparet

188 1565 221 1629 in
249 1568 308 1628 150
325 1587 375 1630 vv.

277 1685 382 1749 Multo
398 1686 499 1749 rarius
524 1687 899 1770 semiseptenariam
923 1687 1103 1749 invenimus
1126 1684 1233 1771 (384),
1258 1709 1331 1751 sae-

189 1789 321 1872 pissime
354 1795 410 1852 aut
442 1790 542 1852 solam
574 1789 664 1873 (125)
696 1796 752 1854 aut
775 1790 1019 1853 trithemimeris
1048 1791 1201 1853 comitem
1227 1790 1330 1874 (119).

191 1891 283 1965 Quae
314 1913 451 1956 caesura
484 1894 510 1956 si
538 1914 604 1956 una
635 1893 886 1957 cumsbucolica
917 1894 1056 1958 alterum
1084 1915 1199 1957 versus
1223 1895 1329 1958 hemi-

190 1995 342 2059 stichium
359 1996 481 2072 incidit,
499 1997 779 2081 quaestiunculam
796 2019 917 2082 ponere
936 2020 979 2062 ex
1000 2019 1036 2061 re
1060 2003 1123 2078 ost,
1143 2003 1217 2061 utra
1233 2019 1330 2084 prae-

190 2100 314 2175 valeat3
347 2107 380 2164 et
410 2100 474 2164 iam
498 2101 598 2165 movit
632 2121 703 2164 eam
732 2101 1012 2186 Baumgarteuus,
1036 2102 1090 2185 qui
1119 2122 1150 2186 p.
1173 2103 1215 2163 25
1244 2102 1331 2165 hanc

189 2204 299 2287 legem
333 2203 374 2267 de
411 2203 610 2268 Christodori
642 2226 705 2268 usu
739 2205 920 2268 constituit:
958 2204 993 2268 Si
1026 2204 1059 2266 iu
1093 2205 1200 2288 quarti
1233 2205 1330 2290 pedis

190 2307 276 2370 thesi
304 2307 499 2371 vocabulum
526 2307 748 2393 pyrrhichium
781 2314 862 2389 stat,
893 2329 1022 2393 semper
1055 2308 1125 2372 fero
1158 2309 1331 2392 praevalet

191 2411 351 2489 bucolica,
376 2410 567 2496 saepissime
585 2412 684 2475 etiam
700 2413 961 2496 interpunctione
978 2411 1098 2478 adiuta.
1144 2411 1183 2475 In
1200 2411 1329 2477 duobus

194 2513 396 2577 Christodori
428 2514 578 2578 versibus
612 2513 699 2597 (369.
723 2519 783 2578 407
811 2516 848 2579 Α.
873 2516 909 2580 Ρ.
941 2516 996 2578 lib.
1020 2515 1094 2597 IL),
1129 2515 1169 2579 de
1209 2517 1329 2600 quibus

189 2616 337 2680 dubitare
360 2618 485 2702 possis,
510 2618 781 2703 semiseptenaria
803 2618 877 2683 ideo
905 2619 1062 2684 dominari
1086 2620 1215 2703 nequit,
1242 2621 1330 2705 quod

188 2739 290 2804 prope
320 2719 484 2783 antecedit
511 2721 599 2784 tertii
629 2721 722 2806 pedis
753 2744 890 2787 caesura
921 2723 1184 2808 interpunctione
1216 2744 1329 2788 corro-

189 2823 313 2888 borata.
368 2823 426 2887 Sin
457 2831 567 2888 autem
596 2825 694 2909 longa
723 2831 774 2889 est
797 2827 904 2911 quarti
926 2825 1018 2911 pedis
1042 2826 1161 2905 thesis,
1195 2848 1329 2913 semper

189 2931 323 3010 propter
345 2947 477 2990 sensum
502 2927 770 3012 semiseptenaria
788 2928 970 2992 dominatur
994 2934 1026 2992 et
1048 2935 1099 2993 ter
1122 2929 1255 3013 quidem
1279 2931 1328 2993 in-

188 3036 238 3092 tcr
266 3048 326 3091 sex
353 3028 540 3093 huiusmodi
563 3050 678 3093 versus
708 3031 969 3116 interpunctione
1001 3031 1153 3095 indicata.
1199 3032 1328 3098 Eadem

190 3131 259 3196 fero
284 3132 370 3217 apud
393 3133 532 3196 Paulum
556 3134 782 3200 observantur.
827 3135 911 3199 Nam
935 3137 968 3199 in
994 3138 1053 3200 120
1078 3137 1242 3217 versibus,
1274 3139 1328 3223 qui

188 3235 409 3321 pyrrhichium
437 3238 629 3301 vocabulum
660 3239 693 3301 in
721 3240 807 3303 thesi
837 3240 896 3303 IV.
927 3241 1101 3320 exhibent,
1132 3242 1328 3326 saepissime

191 3340 259 3424 (91)
288 3341 437 3404 bucolica
464 3362 562 3405 sensu
594 3345 793 3428 postulatum
825 3345 857 3407 in
880 3347 921 3408 49
937 3365 989 3410 vv.
1013 3346 1112 3409 etiam
1136 3346 1328 3431 interpunc-

187 3443 312 3506 tionum
342 3444 389 3508 vis
419 3445 595 3530 accedit2).
640 3448 681 3509 29
705 3454 815 3510 autem
843 3467 995 3512 versuum
1025 3469 1140 3524 sensus
1164 3449 1328 3536 semisep-

188 3548 333 3611 tenariae
362 3549 534 3634 imperium
562 3551 701 3634 flagitat,
732 3551 818 3635 quod
844 3551 895 3615 bis
924 3553 1023 3616 etiam
1055 3553 1328 3637 interpunctionis

188 3651 308 3735 insigni
335 3657 467 3715 ornatur
496 3653 527 3736 (Ι
544 3655 595 3718 73.
620 3651 708 3736 201).
753 3653 896 3719 Maxime
926 3655 959 3718 in
981 3655 1033 3720 his
1055 3655 1203 3719 versibus
1226 3677 1328 3721 voca-

189 3754 266 3817 bula
311 3754 499 3839 pyrrhichio
545 3755 839 3841 praepositionibus
880 3758 1065 3822 efficiuntur
1104 3753 1215 3844 (περί,
1256 3755 1327 3842 ἐπί,

187 3851 273 3921 κατά
297 3857 393 3941 etc),
417 3880 500 3943 quae
523 3865 592 3924 arte
618 3881 690 3924 cum
715 3854 928 3946 sequentibus
951 3862 1059 3926 verbis
1083 3863 1214 3928 iunctae
1239 3872 1326 3929 sunt.

189 3961 238 4026 ef.
264 3961 348 4026 amb.
370 3966 416 4026 11.
435 3962 452 4025 I
468 3966 541 4029 214.
557 3985 585 4028 a.
603 3968 674 4029 220.
722 3964 788 4029 Sed
811 3965 897 4050 apud
915 3966 1055 4030 Paulum
1078 3987 1206 4051 quoque
1230 3969 1327 4052 pedis

188 4064 248 4128 ΠΙ.
274 4086 411 4130 caesura
438 4067 486 4130 vis
510 4067 606 4132 huius
629 4069 920 4153 semiseptenariae
949 4091 1014 4133 uon
1037 4090 1109 4133 raro
1133 4069 1328 4136 infirmatur.

276 4289 295 4356 1)
314 4287 365 4342 His
383 4289 517 4353 numeris,
541 4288 651 4358 quoties
675 4288 804 4356 singulae
828 4306 957 4345 caesurae
980 4290 1056 4360 apud
1074 4290 1195 4346 Paulum
1213 4291 1328 4347 obviam

178 4375 259 4440 daut,
277 4373 431 4430 iudicatur.

141 4503 144 4507 .
261 4465 281 4534 ²)
302 4463 343 4521 Οἱ.
356 4465 440 4522 Paul.
454 4465 484 4520 Π
498 4466 564 4521 312:
585 4461 655 4520 ἀλλά
672 4484 712 4525 τις
726 4459 975 4534 ὀκτάπλευροςὲφυ
989 4462 1079 4528 phono*
1100 4464 1129 4514 ta
1146 4463 1326 4520 dtastsddou.
