2774 4724
526 331 740 396 -83-

65 495 211 582 ταλέαις)
234 501 411 586 perductus
444 504 537 587 quasi
565 505 802 571 substantivum
831 502 1022 594 πετραίοισι
1059 508 1197 594 scripsit.

67 601 149 665 Tum
165 609 273 668 autem
291 605 426 671 verbum
444 600 561 690 δόμοιο
585 629 657 672 cum
681 630 760 674 voce
777 605 920 697 aspriora
936 611 1196 696 coniungendum

65 704 106 770 de
128 706 198 792 ipsc
221 709 342 793 templo
366 708 488 775 dictum
511 719 615 792 esset,
643 713 734 776 cuius
762 713 804 778 de
826 710 959 801 κέρασιν
987 714 1038 779 hic
1066 716 1195 779 omnino

64 829 127 900 non
145 811 263 895 agitur.

151 914 352 1001 Saepissime
376 924 473 1003 poeta
495 920 754 1004 paroxytonis
778 920 812 984 in
828 942 942 986 versus
958 922 1022 985 fine
1040 943 1120 985 usus
1136 927 1194 986 est.

63 1017 147 1082 Nam
169 1024 237 1084 tres
258 1020 329 1085 fere
354 1042 505 1086 versuum
523 1029 634 1108 partes
658 1025 735 1087 talia
759 1024 860 1088 verba
875 1025 1043 1090 exhibent.
1089 1025 1194 1109 Oxy-

63 1128 155 1186 tona
172 1125 304 1208 saepius
316 1124 401 1189 inter
416 1125 577 1190 vocabula
594 1128 626 1190 in
641 1127 821 1212 spondeum
838 1129 995 1193 exeuntia
1011 1128 1195 1215 deprehen-

62 1224 167 1290 dimus
198 1234 255 1291 aut
281 1229 315 1291 in
343 1230 422 1314 ipsis
446 1230 649 1315 spondaiois,
678 1253 750 1295 raro
779 1233 813 1295 in
836 1232 1009 1296 trochaicis
1034 1231 1138 1297 ethis
1161 1233 1195 1295 in

62 1329 181 1412 verbo,
209 1331 294 1416 quod
322 1333 356 1396 in
385 1333 573 1399 trochaeum
605 1335 675 1398 exit
697 1335 824 1418 (11148
847 1329 972 1419 λοετρά.
996 1333 1110 1398 11288
1133 1358 1195 1415 χα-

62 1427 158 1518 μηλά.
203 1433 252 1500 of.
277 1435 392 1502 Tiedk.
407 1436 519 1501 Herm.
537 1436 633 1518 XIII,
649 1459 682 1523 p.
695 1438 783 1518 351).
828 1437 897 1502 Nec
922 1460 994 1502 raro
1018 1439 1194 1524 perispo-

62 1557 174 1601 mena
197 1537 403 1606 adhibentur.
449 1540 634 1605 Verborum
664 1546 773 1604 autem
796 1541 917 1606 formas
941 1543 974 1606 in
996 1543 1057 1606 hac
1080 1564 1194 1607 versus

63 1640 142 1705 sede
164 1662 340 1726 numquam
372 1643 441 1708 lere
471 1642 558 1729 apud
580 1642 612 1706 N
614 1645 771 1708 onnianos
800 1651 970 1709 accentum
992 1647 1025 1710 in
1047 1647 1195 1709 ultimam

62 1743 221 1828 syllabam
238 1745 383 1830 recipere
406 1752 495 1810 recte
511 1746 590 1810 vidit
605 1746 814 1811 Hermannus
831 1746 952 1812 Seume
970 1748 1066 1833 (Mus.
1089 1748 1194 1813 Rhen.

59 1844 234 1929 XXXVII,
258 1870 288 1934 p.
306 1851 367 1913 633
385 1847 481 1935 sqq).

146 1949 262 2037 Itaque
293 1953 369 2037 quia
392 1953 523 2038 plurimi
545 1954 687 2026 omnium
711 1975 864 2018 versuum
887 1955 1097 2040 paroxytonis
1120 1955 1193 2018 fini-

59 2060 168 2135 untur,
185 2076 250 2120 non
265 2054 378 2120 dubito
395 2056 593 2122 contendere
607 2057 707 2121 ctiam
722 2057 870 2138 Paulum,
891 2063 928 2121 ut
944 2064 995 2121 est
1010 2058 1044 2120 in
1058 2079 1193 2121 numero

59 2163 245 2241 poctarum,
282 2158 337 2242 qui
365 2159 551 2224 emorientis
587 2159 786 2224 Graecorum
820 2181 959 2245 poeseos
990 2160 1194 2246 temporibus

59 2260 241 2344 riguerunt,
264 2262 297 2326 id
314 2263 433 2347 egisse,
457 2269 494 2327 ut
517 2263 550 2326 in
569 2263 631 2327 hac
647 2285 762 2328 versus
779 2263 857 2328 sede
874 2263 1022 2327 vocabuli
1039 2269 1193 2328 accentus

60 2366 261 2430 consentiret
291 2385 388 2450 quam
418 2367 611 2452 saepissime
643 2388 716 2430 cum
745 2367 812 2431 ictu
841 2387 971 2442 versus;
1002 2373 1034 2430 et
1056 2366 1193 2453 praeivit

59 2468 92 2531 in
115 2468 178 2532 hoc
201 2488 263 2532 usu
286 2468 468 2533 excolendo
491 2468 628 2533 Nonnus
652 2469 819 2554 magister.

143 2571 255 2636 Pauca
287 2573 349 2639 hoc
384 2573 456 2636 loco
485 2572 586 2636 verba
615 2572 744 2636 adicere
774 2573 873 2636 liceat
903 2572 944 2636 de
973 2573 1020 2637 eis
1052 2570 1192 2655 legibus,

58 2695 138 2759 quas
168 2675 207 2739 de
231 2682 369 2741 accentu
397 2674 627 2739 vocabulorum
650 2681 726 2740 ante
750 2676 1079 2760 semiquinariam
1101 2675 1191 2760 posi·

57 2785 163 2842 torum
175 2778 332 2843 Tiedkius
342 2780 493 2865 princeps
507 2779 676 2844 constituit
692 2779 820 2863 (Herm.
834 2779 928 2858 XIII,
943 2801 974 2865 p.
988 2777 1053 2863 59).
1092 2777 1191 2841 Ouius

58 2903 101 2945 ex
135 2882 297 2946 sententia
327 2881 464 2946 Nonnus
499 2882 568 2945 sola
601 2887 808 2967 paroxytona
841 2881 902 2944 hoo
936 2882 1008 2944 loco
1045 2879 1192 2945 adhibuit

58 2985 165 3049 vitatis
189 3007 286 3071 quam
308 2987 450 3049 maxime
473 2985 544 3049 aliis
568 2984 687 3050 verbis.
732 2983 825 3056 Quod
848 2985 975 3048 etiamsi
997 2983 1107 3048 Nunni
1129 3004 1191 3048 usu

57 3089 223 3174 probatur,
247 3094 356 3153 tamen
379 3089 508 3152 omnino
525 3088 767 3172 Banmgarteno
785 3087 819 3171 (l.
836 3088 857 3150 l.
874 3110 904 3173 p.
922 3086 975 3162 50)
1000 3086 1191 3172 adstipulor,

57 3193 112 3276 qui
135 3214 200 3256 non
217 3199 350 3278 propter
366 3198 535 3257 accentum
554 3213 628 3256 rara
644 3212 717 3256 esse
736 3197 999 3277 proparoxytona
1015 3188 1190 3270 contendit,

58 3295 115 3360 sed
138 3301 271 3382 propter
292 3297 426 3360 vitatam
449 3295 696 3381 productionem
720 3294 830 3359 brevis
859 3296 1005 3380 syllabae
1028 3295 1134 3357 finalis
1157 3293 1191 3356 in

59 3398 300 3485 semiquinaria,
324 3419 408 3484 quae
431 3398 518 3462 solas
542 3399 611 3462 fere
629 3404 745 3464 natura
766 3398 881 3482 longas
898 3397 1040 3483 syllabas
1058 3397 1190 3483 patitur.

59 3500 162 3574 Quam
186 3502 229 3566 ob
252 3523 321 3567 rem
344 3503 409 3567 alia
433 3523 560 3587 quoquc
583 3502 684 3567 verba
700 3507 829 3588 praeter
845 3507 1106 3588 proparoxytona
1129 3500 1191 3563 hac

56 3607 89 3669 in
111 3606 294 3670 hexametri
318 3605 397 3671 sede
421 3605 642 3691 repudiantur.
688 3606 803 3690 Itaque
828 3604 927 3669 ctiam
951 3603 1036 3690 apud
1052 3603 1190 3667 Paulum

57 3715 90 3772 et
112 3715 378 3795 proparoxytona
401 3715 435 3774 et
457 3703 747 3795 properispomena
761 3730 895 3795 perraro
920 3709 965 3772 sic
980 3711 1191 3794 usurpantur.

56 3809 213 3897 Exceptis
231 3812 317 3876 euim
342 3811 390 3876 eis
406 3811 564 3893 versibus,
588 3812 622 3874 in
642 3812 759 3896 quibus
776 3810 1005 3897 semiquinaria
1029 3810 1189 3874 encliticis

56 3921 110 3980 aut
137 3916 261 3980 voculis
291 3911 339 3995 δέ,
368 3909 429 4000 γάρ
462 3914 675 3999 sequentibus
705 3920 775 3978 tota
804 3936 910 4000 paene
934 3915 1058 3979 celatur
1080 3911 1134 4000 (cf.
1160 3935 1189 3977 e.

55 4045 101 4108 gr.
124 4015 279 4107 ἑσπέριόν
300 4023 366 4104 τε),
397 4021 461 4085 duo
485 4025 751 4106 proparoxytona
773 4023 960 4098 occurrunt,
989 4037 1072 4101 quae
1095 4017 1129 4080 in
1152 4040 1189 4079 αι

55 4133 177 4193 exeunt
201 4126 319 4209 (1236.
343 4125 481 4206 11399),
504 4145 604 4187 unum
628 4125 661 4186 in
677 4123 806 4186 nomine
825 4122 955 4208 proprio
972 4119 1022 4204 (II
1040 4120 1099 4182 136
1112 4111 1189 4182 ’Ar-

53 4228 198 4317 θέμιος).
243 4229 608 4314 Properispomencrum
638 4227 702 4290 tria
732 4226 933 4312 diphthongo
956 4247 1006 4303 αι,
1034 4219 1190 4287 uuumor

52 4336 218 4400 finiuntur.
254 4333 350 4396 1269
380 4331 515 4395 verbum
544 4331 664 4394 θεῖσαν
687 4330 805 4393 lacuna
828 4329 988 4415 sequitur,
1020 4332 1054 4390 et
1076 4325 1190 4388 11599

50 4440 213 4527 particula
235 4434 272 4502 δέ
292 4443 366 4522 post
397 4456 509 4500 vocem
533 4434 648 4500 πᾶσαν
673 4434 786 4523 posita
808 4425 1221 4577 semiquinamqsstffimm.
